%YAML 1.1
%TAG !u! tag:unity3d.com,2011:
--- !u!1 &100590
GameObject:
  m_ObjectHideFlags: 1
  m_PrefabParentObject: {fileID: 0}
  m_PrefabInternal: {fileID: 100100000}
  serializedVersion: 5
  m_Component:
  - component: {fileID: 423076}
  m_Layer: 0
  m_Name: bat_end(RIGHT)10
  m_TagString: Untagged
  m_Icon: {fileID: 0}
  m_NavMeshLayer: 0
  m_StaticEditorFlags: 0
  m_IsActive: 1
--- !u!1 &102756
GameObject:
  m_ObjectHideFlags: 1
  m_PrefabParentObject: {fileID: 0}
  m_PrefabInternal: {fileID: 100100000}
  serializedVersion: 5
  m_Component:
  - component: {fileID: 484008}
  m_Layer: 0
  m_Name: bat_tail03
  m_TagString: Untagged
  m_Icon: {fileID: 0}
  m_NavMeshLayer: 0
  m_StaticEditorFlags: 0
  m_IsActive: 1
--- !u!1 &103944
GameObject:
  m_ObjectHideFlags: 1
  m_PrefabParentObject: {fileID: 0}
  m_PrefabInternal: {fileID: 100100000}
  serializedVersion: 5
  m_Component:
  - component: {fileID: 415984}
  m_Layer: 0
  m_Name: bat_wing(LEFT)09
  m_TagString: Untagged
  m_Icon: {fileID: 0}
  m_NavMeshLayer: 0
  m_StaticEditorFlags: 0
  m_IsActive: 1
--- !u!1 &104748
GameObject:
  m_ObjectHideFlags: 1
  m_PrefabParentObject: {fileID: 0}
  m_PrefabInternal: {fileID: 100100000}
  serializedVersion: 5
  m_Component:
  - component: {fileID: 447436}
  m_Layer: 0
  m_Name: bat_bones10
  m_TagString: Untagged
  m_Icon: {fileID: 0}
  m_NavMeshLayer: 0
  m_StaticEditorFlags: 0
  m_IsActive: 1
--- !u!1 &106138
GameObject:
  m_ObjectHideFlags: 1
  m_PrefabParentObject: {fileID: 0}
  m_PrefabInternal: {fileID: 100100000}
  serializedVersion: 5
  m_Component:
  - component: {fileID: 464454}
  m_Layer: 0
  m_Name: bat_wing(RIGHT)03
  m_TagString: Untagged
  m_Icon: {fileID: 0}
  m_NavMeshLayer: 0
  m_StaticEditorFlags: 0
  m_IsActive: 1
--- !u!1 &107564
GameObject:
  m_ObjectHideFlags: 1
  m_PrefabParentObject: {fileID: 0}
  m_PrefabInternal: {fileID: 100100000}
  serializedVersion: 5
  m_Component:
  - component: {fileID: 437018}
  m_Layer: 0
  m_Name: bat_wing(LEFT)00
  m_TagString: Untagged
  m_Icon: {fileID: 0}
  m_NavMeshLayer: 0
  m_StaticEditorFlags: 0
  m_IsActive: 1
--- !u!1 &109078
GameObject:
  m_ObjectHideFlags: 1
  m_PrefabParentObject: {fileID: 0}
  m_PrefabInternal: {fileID: 100100000}
  serializedVersion: 5
  m_Component:
  - component: {fileID: 418782}
  m_Layer: 0
  m_Name: bat_end(RIGHT)04
  m_TagString: Untagged
  m_Icon: {fileID: 0}
  m_NavMeshLayer: 0
  m_StaticEditorFlags: 0
  m_IsActive: 1
--- !u!1 &109698
GameObject:
  m_ObjectHideFlags: 1
  m_PrefabParentObject: {fileID: 0}
  m_PrefabInternal: {fileID: 100100000}
  serializedVersion: 5
  m_Component:
  - component: {fileID: 424496}
  m_Layer: 0
  m_Name: bat_end(RIGHT)03
  m_TagString: Untagged
  m_Icon: {fileID: 0}
  m_NavMeshLayer: 0
  m_StaticEditorFlags: 0
  m_IsActive: 1
--- !u!1 &109916
GameObject:
  m_ObjectHideFlags: 1
  m_PrefabParentObject: {fileID: 0}
  m_PrefabInternal: {fileID: 100100000}
  serializedVersion: 5
  m_Component:
  - component: {fileID: 402256}
  m_Layer: 0
  m_Name: bat_end(RIGHT)00
  m_TagString: Untagged
  m_Icon: {fileID: 0}
  m_NavMeshLayer: 0
  m_StaticEditorFlags: 0
  m_IsActive: 1
--- !u!1 &110364
GameObject:
  m_ObjectHideFlags: 1
  m_PrefabParentObject: {fileID: 0}
  m_PrefabInternal: {fileID: 100100000}
  serializedVersion: 5
  m_Component:
  - component: {fileID: 404634}
  m_Layer: 0
  m_Name: bat_leg(RIGHT)03
  m_TagString: Untagged
  m_Icon: {fileID: 0}
  m_NavMeshLayer: 0
  m_StaticEditorFlags: 0
  m_IsActive: 1
--- !u!1 &110938
GameObject:
  m_ObjectHideFlags: 0
  m_PrefabParentObject: {fileID: 0}
  m_PrefabInternal: {fileID: 100100000}
  serializedVersion: 5
  m_Component:
  - component: {fileID: 406802}
  - component: {fileID: 13702104}
  m_Layer: 0
  m_Name: bat wings
  m_TagString: Untagged
  m_Icon: {fileID: 0}
  m_NavMeshLayer: 0
  m_StaticEditorFlags: 0
  m_IsActive: 1
--- !u!1 &111362
GameObject:
  m_ObjectHideFlags: 1
  m_PrefabParentObject: {fileID: 0}
  m_PrefabInternal: {fileID: 100100000}
  serializedVersion: 5
  m_Component:
  - component: {fileID: 464228}
  m_Layer: 0
  m_Name: bat_wing(RIGHT)16
  m_TagString: Untagged
  m_Icon: {fileID: 0}
  m_NavMeshLayer: 0
  m_StaticEditorFlags: 0
  m_IsActive: 1
--- !u!1 &111494
GameObject:
  m_ObjectHideFlags: 1
  m_PrefabParentObject: {fileID: 0}
  m_PrefabInternal: {fileID: 100100000}
  serializedVersion: 5
  m_Component:
  - component: {fileID: 438082}
  m_Layer: 0
  m_Name: bat_ear(LEFT)01
  m_TagString: Untagged
  m_Icon: {fileID: 0}
  m_NavMeshLayer: 0
  m_StaticEditorFlags: 0
  m_IsActive: 1
--- !u!1 &115798
GameObject:
  m_ObjectHideFlags: 1
  m_PrefabParentObject: {fileID: 0}
  m_PrefabInternal: {fileID: 100100000}
  serializedVersion: 5
  m_Component:
  - component: {fileID: 490886}
  m_Layer: 0
  m_Name: bat_bones14
  m_TagString: Untagged
  m_Icon: {fileID: 0}
  m_NavMeshLayer: 0
  m_StaticEditorFlags: 0
  m_IsActive: 1
--- !u!1 &116958
GameObject:
  m_ObjectHideFlags: 1
  m_PrefabParentObject: {fileID: 0}
  m_PrefabInternal: {fileID: 100100000}
  serializedVersion: 5
  m_Component:
  - component: {fileID: 480510}
  m_Layer: 0
  m_Name: bat_tail01
  m_TagString: Untagged
  m_Icon: {fileID: 0}
  m_NavMeshLayer: 0
  m_StaticEditorFlags: 0
  m_IsActive: 1
--- !u!1 &118700
GameObject:
  m_ObjectHideFlags: 1
  m_PrefabParentObject: {fileID: 0}
  m_PrefabInternal: {fileID: 100100000}
  serializedVersion: 5
  m_Component:
  - component: {fileID: 474956}
  m_Layer: 0
  m_Name: bat_foot(RIGHT)
  m_TagString: Untagged
  m_Icon: {fileID: 0}
  m_NavMeshLayer: 0
  m_StaticEditorFlags: 0
  m_IsActive: 1
--- !u!1 &122084
GameObject:
  m_ObjectHideFlags: 0
  m_PrefabParentObject: {fileID: 0}
  m_PrefabInternal: {fileID: 100100000}
  serializedVersion: 5
  m_Component:
  - component: {fileID: 476550}
  - component: {fileID: 11100646}
  m_Layer: 0
  m_Name: VampireBat
  m_TagString: Untagged
  m_Icon: {fileID: 0}
  m_NavMeshLayer: 0
  m_StaticEditorFlags: 0
  m_IsActive: 1
--- !u!1 &124496
GameObject:
  m_ObjectHideFlags: 1
  m_PrefabParentObject: {fileID: 0}
  m_PrefabInternal: {fileID: 100100000}
  serializedVersion: 5
  m_Component:
  - component: {fileID: 494292}
  m_Layer: 0
  m_Name: bat_end(RIGHT)08
  m_TagString: Untagged
  m_Icon: {fileID: 0}
  m_NavMeshLayer: 0
  m_StaticEditorFlags: 0
  m_IsActive: 1
--- !u!1 &127102
GameObject:
  m_ObjectHideFlags: 1
  m_PrefabParentObject: {fileID: 0}
  m_PrefabInternal: {fileID: 100100000}
  serializedVersion: 5
  m_Component:
  - component: {fileID: 451098}
  m_Layer: 0
  m_Name: bat_base
  m_TagString: Untagged
  m_Icon: {fileID: 0}
  m_NavMeshLayer: 0
  m_StaticEditorFlags: 0
  m_IsActive: 1
--- !u!1 &127888
GameObject:
  m_ObjectHideFlags: 1
  m_PrefabParentObject: {fileID: 0}
  m_PrefabInternal: {fileID: 100100000}
  serializedVersion: 5
  m_Component:
  - component: {fileID: 474000}
  m_Layer: 0
  m_Name: bat_end(RIGHT)16
  m_TagString: Untagged
  m_Icon: {fileID: 0}
  m_NavMeshLayer: 0
  m_StaticEditorFlags: 0
  m_IsActive: 1
--- !u!1 &128040
GameObject:
  m_ObjectHideFlags: 1
  m_PrefabParentObject: {fileID: 0}
  m_PrefabInternal: {fileID: 100100000}
  serializedVersion: 5
  m_Component:
  - component: {fileID: 476246}
  m_Layer: 0
  m_Name: bat_wing(RIGHT)04
  m_TagString: Untagged
  m_Icon: {fileID: 0}
  m_NavMeshLayer: 0
  m_StaticEditorFlags: 0
  m_IsActive: 1
--- !u!1 &129226
GameObject:
  m_ObjectHideFlags: 1
  m_PrefabParentObject: {fileID: 0}
  m_PrefabInternal: {fileID: 100100000}
  serializedVersion: 5
  m_Component:
  - component: {fileID: 484848}
  m_Layer: 0
  m_Name: bat_neck
  m_TagString: Untagged
  m_Icon: {fileID: 0}
  m_NavMeshLayer: 0
  m_StaticEditorFlags: 0
  m_IsActive: 1
--- !u!1 &130040
GameObject:
  m_ObjectHideFlags: 1
  m_PrefabParentObject: {fileID: 0}
  m_PrefabInternal: {fileID: 100100000}
  serializedVersion: 5
  m_Component:
  - component: {fileID: 437718}
  m_Layer: 0
  m_Name: bat_wing(RIGHT)00
  m_TagString: Untagged
  m_Icon: {fileID: 0}
  m_NavMeshLayer: 0
  m_StaticEditorFlags: 0
  m_IsActive: 1
--- !u!1 &131896
GameObject:
  m_ObjectHideFlags: 1
  m_PrefabParentObject: {fileID: 0}
  m_PrefabInternal: {fileID: 100100000}
  serializedVersion: 5
  m_Component:
  - component: {fileID: 490344}
  m_Layer: 0
  m_Name: bat_leg(RIGHT)01
  m_TagString: Untagged
  m_Icon: {fileID: 0}
  m_NavMeshLayer: 0
  m_StaticEditorFlags: 0
  m_IsActive: 1
--- !u!1 &132064
GameObject:
  m_ObjectHideFlags: 1
  m_PrefabParentObject: {fileID: 0}
  m_PrefabInternal: {fileID: 100100000}
  serializedVersion: 5
  m_Component:
  - component: {fileID: 421290}
  m_Layer: 0
  m_Name: bat_tail02
  m_TagString: Untagged
  m_Icon: {fileID: 0}
  m_NavMeshLayer: 0
  m_StaticEditorFlags: 0
  m_IsActive: 1
--- !u!1 &133446
GameObject:
  m_ObjectHideFlags: 1
  m_PrefabParentObject: {fileID: 0}
  m_PrefabInternal: {fileID: 100100000}
  serializedVersion: 5
  m_Component:
  - component: {fileID: 496070}
  m_Layer: 0
  m_Name: bat_wing(LEFT)16
  m_TagString: Untagged
  m_Icon: {fileID: 0}
  m_NavMeshLayer: 0
  m_StaticEditorFlags: 0
  m_IsActive: 1
--- !u!1 &137908
GameObject:
  m_ObjectHideFlags: 1
  m_PrefabParentObject: {fileID: 0}
  m_PrefabInternal: {fileID: 100100000}
  serializedVersion: 5
  m_Component:
  - component: {fileID: 465964}
  m_Layer: 0
  m_Name: bat_wing(RIGHT)10
  m_TagString: Untagged
  m_Icon: {fileID: 0}
  m_NavMeshLayer: 0
  m_StaticEditorFlags: 0
  m_IsActive: 1
--- !u!1 &138578
GameObject:
  m_ObjectHideFlags: 1
  m_PrefabParentObject: {fileID: 0}
  m_PrefabInternal: {fileID: 100100000}
  serializedVersion: 5
  m_Component:
  - component: {fileID: 410580}
  m_Layer: 0
  m_Name: bat_end(RIGHT)06
  m_TagString: Untagged
  m_Icon: {fileID: 0}
  m_NavMeshLayer: 0
  m_StaticEditorFlags: 0
  m_IsActive: 1
--- !u!1 &139522
GameObject:
  m_ObjectHideFlags: 1
  m_PrefabParentObject: {fileID: 0}
  m_PrefabInternal: {fileID: 100100000}
  serializedVersion: 5
  m_Component:
  - component: {fileID: 404800}
  m_Layer: 0
  m_Name: bat_end(RIGHT)01
  m_TagString: Untagged
  m_Icon: {fileID: 0}
  m_NavMeshLayer: 0
  m_StaticEditorFlags: 0
  m_IsActive: 1
--- !u!1 &140672
GameObject:
  m_ObjectHideFlags: 1
  m_PrefabParentObject: {fileID: 0}
  m_PrefabInternal: {fileID: 100100000}
  serializedVersion: 5
  m_Component:
  - component: {fileID: 475442}
  m_Layer: 0
  m_Name: bat_leg(LEFT)01
  m_TagString: Untagged
  m_Icon: {fileID: 0}
  m_NavMeshLayer: 0
  m_StaticEditorFlags: 0
  m_IsActive: 1
--- !u!1 &141674
GameObject:
  m_ObjectHideFlags: 1
  m_PrefabParentObject: {fileID: 0}
  m_PrefabInternal: {fileID: 100100000}
  serializedVersion: 5
  m_Component:
  - component: {fileID: 422612}
  m_Layer: 0
  m_Name: bat_wing(RIGHT)13
  m_TagString: Untagged
  m_Icon: {fileID: 0}
  m_NavMeshLayer: 0
  m_StaticEditorFlags: 0
  m_IsActive: 1
--- !u!1 &142144
GameObject:
  m_ObjectHideFlags: 1
  m_PrefabParentObject: {fileID: 0}
  m_PrefabInternal: {fileID: 100100000}
  serializedVersion: 5
  m_Component:
  - component: {fileID: 452014}
  m_Layer: 0
  m_Name: bat_ear(RIGHT)00
  m_TagString: Untagged
  m_Icon: {fileID: 0}
  m_NavMeshLayer: 0
  m_StaticEditorFlags: 0
  m_IsActive: 1
--- !u!1 &143302
GameObject:
  m_ObjectHideFlags: 1
  m_PrefabParentObject: {fileID: 0}
  m_PrefabInternal: {fileID: 100100000}
  serializedVersion: 5
  m_Component:
  - component: {fileID: 405750}
  m_Layer: 0
  m_Name: bat_wing(RIGHT)02
  m_TagString: Untagged
  m_Icon: {fileID: 0}
  m_NavMeshLayer: 0
  m_StaticEditorFlags: 0
  m_IsActive: 1
--- !u!1 &144270
GameObject:
  m_ObjectHideFlags: 1
  m_PrefabParentObject: {fileID: 0}
  m_PrefabInternal: {fileID: 100100000}
  serializedVersion: 5
  m_Component:
  - component: {fileID: 435748}
  m_Layer: 0
  m_Name: bat_wing(RIGHT)07
  m_TagString: Untagged
  m_Icon: {fileID: 0}
  m_NavMeshLayer: 0
  m_StaticEditorFlags: 0
  m_IsActive: 1
--- !u!1 &144542
GameObject:
  m_ObjectHideFlags: 1
  m_PrefabParentObject: {fileID: 0}
  m_PrefabInternal: {fileID: 100100000}
  serializedVersion: 5
  m_Component:
  - component: {fileID: 492678}
  m_Layer: 0
  m_Name: bat_bones07
  m_TagString: Untagged
  m_Icon: {fileID: 0}
  m_NavMeshLayer: 0
  m_StaticEditorFlags: 0
  m_IsActive: 1
--- !u!1 &145254
GameObject:
  m_ObjectHideFlags: 1
  m_PrefabParentObject: {fileID: 0}
  m_PrefabInternal: {fileID: 100100000}
  serializedVersion: 5
  m_Component:
  - component: {fileID: 499582}
  m_Layer: 0
  m_Name: bat_ear(RIGHT)01
  m_TagString: Untagged
  m_Icon: {fileID: 0}
  m_NavMeshLayer: 0
  m_StaticEditorFlags: 0
  m_IsActive: 1
--- !u!1 &146264
GameObject:
  m_ObjectHideFlags: 1
  m_PrefabParentObject: {fileID: 0}
  m_PrefabInternal: {fileID: 100100000}
  serializedVersion: 5
  m_Component:
  - component: {fileID: 405170}
  m_Layer: 0
  m_Name: bat_wing(LEFT)04
  m_TagString: Untagged
  m_Icon: {fileID: 0}
  m_NavMeshLayer: 0
  m_StaticEditorFlags: 0
  m_IsActive: 1
--- !u!1 &147796
GameObject:
  m_ObjectHideFlags: 1
  m_PrefabParentObject: {fileID: 0}
  m_PrefabInternal: {fileID: 100100000}
  serializedVersion: 5
  m_Component:
  - component: {fileID: 442930}
  m_Layer: 0
  m_Name: bat_wing(LEFT)15
  m_TagString: Untagged
  m_Icon: {fileID: 0}
  m_NavMeshLayer: 0
  m_StaticEditorFlags: 0
  m_IsActive: 1
--- !u!1 &149364
GameObject:
  m_ObjectHideFlags: 0
  m_PrefabParentObject: {fileID: 0}
  m_PrefabInternal: {fileID: 100100000}
  serializedVersion: 5
  m_Component:
  - component: {fileID: 474880}
  - component: {fileID: 13733628}
  m_Layer: 0
  m_Name: Vampire_bat_mesh
  m_TagString: Untagged
  m_Icon: {fileID: 0}
  m_NavMeshLayer: 0
  m_StaticEditorFlags: 0
  m_IsActive: 1
--- !u!1 &151112
GameObject:
  m_ObjectHideFlags: 1
  m_PrefabParentObject: {fileID: 0}
  m_PrefabInternal: {fileID: 100100000}
  serializedVersion: 5
  m_Component:
  - component: {fileID: 457100}
  m_Layer: 0
  m_Name: bat_wing(RIGHT)15
  m_TagString: Untagged
  m_Icon: {fileID: 0}
  m_NavMeshLayer: 0
  m_StaticEditorFlags: 0
  m_IsActive: 1
--- !u!1 &154682
GameObject:
  m_ObjectHideFlags: 1
  m_PrefabParentObject: {fileID: 0}
  m_PrefabInternal: {fileID: 100100000}
  serializedVersion: 5
  m_Component:
  - component: {fileID: 447072}
  m_Layer: 0
  m_Name: bat_wing(LEFT)01
  m_TagString: Untagged
  m_Icon: {fileID: 0}
  m_NavMeshLayer: 0
  m_StaticEditorFlags: 0
  m_IsActive: 1
--- !u!1 &155316
GameObject:
  m_ObjectHideFlags: 1
  m_PrefabParentObject: {fileID: 0}
  m_PrefabInternal: {fileID: 100100000}
  serializedVersion: 5
  m_Component:
  - component: {fileID: 470862}
  m_Layer: 0
  m_Name: bat_end(RIGHT)09
  m_TagString: Untagged
  m_Icon: {fileID: 0}
  m_NavMeshLayer: 0
  m_StaticEditorFlags: 0
  m_IsActive: 1
--- !u!1 &156134
GameObject:
  m_ObjectHideFlags: 1
  m_PrefabParentObject: {fileID: 0}
  m_PrefabInternal: {fileID: 100100000}
  serializedVersion: 5
  m_Component:
  - component: {fileID: 431936}
  m_Layer: 0
  m_Name: bat_tail00
  m_TagString: Untagged
  m_Icon: {fileID: 0}
  m_NavMeshLayer: 0
  m_StaticEditorFlags: 0
  m_IsActive: 1
--- !u!1 &156926
GameObject:
  m_ObjectHideFlags: 1
  m_PrefabParentObject: {fileID: 0}
  m_PrefabInternal: {fileID: 100100000}
  serializedVersion: 5
  m_Component:
  - component: {fileID: 408068}
  m_Layer: 0
  m_Name: bat_wing(LEFT)10
  m_TagString: Untagged
  m_Icon: {fileID: 0}
  m_NavMeshLayer: 0
  m_StaticEditorFlags: 0
  m_IsActive: 1
--- !u!1 &158634
GameObject:
  m_ObjectHideFlags: 1
  m_PrefabParentObject: {fileID: 0}
  m_PrefabInternal: {fileID: 100100000}
  serializedVersion: 5
  m_Component:
  - component: {fileID: 499382}
  m_Layer: 0
  m_Name: bat_wing(LEFT)12
  m_TagString: Untagged
  m_Icon: {fileID: 0}
  m_NavMeshLayer: 0
  m_StaticEditorFlags: 0
  m_IsActive: 1
--- !u!1 &158972
GameObject:
  m_ObjectHideFlags: 1
  m_PrefabParentObject: {fileID: 0}
  m_PrefabInternal: {fileID: 100100000}
  serializedVersion: 5
  m_Component:
  - component: {fileID: 477182}
  m_Layer: 0
  m_Name: bat_wing(RIGHT)12
  m_TagString: Untagged
  m_Icon: {fileID: 0}
  m_NavMeshLayer: 0
  m_StaticEditorFlags: 0
  m_IsActive: 1
--- !u!1 &164888
GameObject:
  m_ObjectHideFlags: 0
  m_PrefabParentObject: {fileID: 0}
  m_PrefabInternal: {fileID: 100100000}
  serializedVersion: 5
  m_Component:
  - component: {fileID: 459448}
  m_Layer: 0
  m_Name: bat_control27
  m_TagString: Untagged
  m_Icon: {fileID: 0}
  m_NavMeshLayer: 0
  m_StaticEditorFlags: 0
  m_IsActive: 1
--- !u!1 &165044
GameObject:
  m_ObjectHideFlags: 1
  m_PrefabParentObject: {fileID: 0}
  m_PrefabInternal: {fileID: 100100000}
  serializedVersion: 5
  m_Component:
  - component: {fileID: 403844}
  m_Layer: 0
  m_Name: bat_wing(RIGHT)06
  m_TagString: Untagged
  m_Icon: {fileID: 0}
  m_NavMeshLayer: 0
  m_StaticEditorFlags: 0
  m_IsActive: 1
--- !u!1 &165394
GameObject:
  m_ObjectHideFlags: 1
  m_PrefabParentObject: {fileID: 0}
  m_PrefabInternal: {fileID: 100100000}
  serializedVersion: 5
  m_Component:
  - component: {fileID: 458318}
  m_Layer: 0
  m_Name: bat_end(RIGHT)12
  m_TagString: Untagged
  m_Icon: {fileID: 0}
  m_NavMeshLayer: 0
  m_StaticEditorFlags: 0
  m_IsActive: 1
--- !u!1 &165806
GameObject:
  m_ObjectHideFlags: 1
  m_PrefabParentObject: {fileID: 0}
  m_PrefabInternal: {fileID: 100100000}
  serializedVersion: 5
  m_Component:
  - component: {fileID: 429036}
  m_Layer: 0
  m_Name: bat_wing(LEFT)06
  m_TagString: Untagged
  m_Icon: {fileID: 0}
  m_NavMeshLayer: 0
  m_StaticEditorFlags: 0
  m_IsActive: 1
--- !u!1 &165944
GameObject:
  m_ObjectHideFlags: 1
  m_PrefabParentObject: {fileID: 0}
  m_PrefabInternal: {fileID: 100100000}
  serializedVersion: 5
  m_Component:
  - component: {fileID: 417792}
  m_Layer: 0
  m_Name: bat_ear(LEFT)00
  m_TagString: Untagged
  m_Icon: {fileID: 0}
  m_NavMeshLayer: 0
  m_StaticEditorFlags: 0
  m_IsActive: 1
--- !u!1 &166864
GameObject:
  m_ObjectHideFlags: 1
  m_PrefabParentObject: {fileID: 0}
  m_PrefabInternal: {fileID: 100100000}
  serializedVersion: 5
  m_Component:
  - component: {fileID: 478382}
  m_Layer: 0
  m_Name: bat_end(RIGHT)05
  m_TagString: Untagged
  m_Icon: {fileID: 0}
  m_NavMeshLayer: 0
  m_StaticEditorFlags: 0
  m_IsActive: 1
--- !u!1 &168322
GameObject:
  m_ObjectHideFlags: 1
  m_PrefabParentObject: {fileID: 0}
  m_PrefabInternal: {fileID: 100100000}
  serializedVersion: 5
  m_Component:
  - component: {fileID: 424042}
  m_Layer: 0
  m_Name: bat_end(RIGHT)07
  m_TagString: Untagged
  m_Icon: {fileID: 0}
  m_NavMeshLayer: 0
  m_StaticEditorFlags: 0
  m_IsActive: 1
--- !u!1 &168494
GameObject:
  m_ObjectHideFlags: 1
  m_PrefabParentObject: {fileID: 0}
  m_PrefabInternal: {fileID: 100100000}
  serializedVersion: 5
  m_Component:
  - component: {fileID: 454412}
  m_Layer: 0
  m_Name: bat_leg(LEFT)02
  m_TagString: Untagged
  m_Icon: {fileID: 0}
  m_NavMeshLayer: 0
  m_StaticEditorFlags: 0
  m_IsActive: 1
--- !u!1 &172042
GameObject:
  m_ObjectHideFlags: 1
  m_PrefabParentObject: {fileID: 0}
  m_PrefabInternal: {fileID: 100100000}
  serializedVersion: 5
  m_Component:
  - component: {fileID: 444634}
  m_Layer: 0
  m_Name: bat_wing(LEFT)02
  m_TagString: Untagged
  m_Icon: {fileID: 0}
  m_NavMeshLayer: 0
  m_StaticEditorFlags: 0
  m_IsActive: 1
--- !u!1 &172612
GameObject:
  m_ObjectHideFlags: 1
  m_PrefabParentObject: {fileID: 0}
  m_PrefabInternal: {fileID: 100100000}
  serializedVersion: 5
  m_Component:
  - component: {fileID: 482164}
  m_Layer: 0
  m_Name: bat_bones08
  m_TagString: Untagged
  m_Icon: {fileID: 0}
  m_NavMeshLayer: 0
  m_StaticEditorFlags: 0
  m_IsActive: 1
--- !u!1 &173542
GameObject:
  m_ObjectHideFlags: 1
  m_PrefabParentObject: {fileID: 0}
  m_PrefabInternal: {fileID: 100100000}
  serializedVersion: 5
  m_Component:
  - component: {fileID: 480542}
  m_Layer: 0
  m_Name: bat_end(RIGHT)11
  m_TagString: Untagged
  m_Icon: {fileID: 0}
  m_NavMeshLayer: 0
  m_StaticEditorFlags: 0
  m_IsActive: 1
--- !u!1 &174322
GameObject:
  m_ObjectHideFlags: 1
  m_PrefabParentObject: {fileID: 0}
  m_PrefabInternal: {fileID: 100100000}
  serializedVersion: 5
  m_Component:
  - component: {fileID: 438738}
  m_Layer: 0
  m_Name: bat_foot(LEFT)
  m_TagString: Untagged
  m_Icon: {fileID: 0}
  m_NavMeshLayer: 0
  m_StaticEditorFlags: 0
  m_IsActive: 1
--- !u!1 &174502
GameObject:
  m_ObjectHideFlags: 1
  m_PrefabParentObject: {fileID: 0}
  m_PrefabInternal: {fileID: 100100000}
  serializedVersion: 5
  m_Component:
  - component: {fileID: 429284}
  m_Layer: 0
  m_Name: bat_wing(RIGHT)01
  m_TagString: Untagged
  m_Icon: {fileID: 0}
  m_NavMeshLayer: 0
  m_StaticEditorFlags: 0
  m_IsActive: 1
--- !u!1 &176864
GameObject:
  m_ObjectHideFlags: 1
  m_PrefabParentObject: {fileID: 0}
  m_PrefabInternal: {fileID: 100100000}
  serializedVersion: 5
  m_Component:
  - component: {fileID: 413020}
  m_Layer: 0
  m_Name: bat_end(RIGHT)14
  m_TagString: Untagged
  m_Icon: {fileID: 0}
  m_NavMeshLayer: 0
  m_StaticEditorFlags: 0
  m_IsActive: 1
--- !u!1 &178704
GameObject:
  m_ObjectHideFlags: 1
  m_PrefabParentObject: {fileID: 0}
  m_PrefabInternal: {fileID: 100100000}
  serializedVersion: 5
  m_Component:
  - component: {fileID: 400760}
  m_Layer: 0
  m_Name: bat_end(RIGHT)15
  m_TagString: Untagged
  m_Icon: {fileID: 0}
  m_NavMeshLayer: 0
  m_StaticEditorFlags: 0
  m_IsActive: 1
--- !u!1 &180380
GameObject:
  m_ObjectHideFlags: 1
  m_PrefabParentObject: {fileID: 0}
  m_PrefabInternal: {fileID: 100100000}
  serializedVersion: 5
  m_Component:
  - component: {fileID: 443630}
  m_Layer: 0
  m_Name: bat_leg(RIGHT)02
  m_TagString: Untagged
  m_Icon: {fileID: 0}
  m_NavMeshLayer: 0
  m_StaticEditorFlags: 0
  m_IsActive: 1
--- !u!1 &181948
GameObject:
  m_ObjectHideFlags: 1
  m_PrefabParentObject: {fileID: 0}
  m_PrefabInternal: {fileID: 100100000}
  serializedVersion: 5
  m_Component:
  - component: {fileID: 492696}
  m_Layer: 0
  m_Name: bat_tail04
  m_TagString: Untagged
  m_Icon: {fileID: 0}
  m_NavMeshLayer: 0
  m_StaticEditorFlags: 0
  m_IsActive: 1
--- !u!1 &184038
GameObject:
  m_ObjectHideFlags: 1
  m_PrefabParentObject: {fileID: 0}
  m_PrefabInternal: {fileID: 100100000}
  serializedVersion: 5
  m_Component:
  - component: {fileID: 478888}
  m_Layer: 0
  m_Name: bat_leg(RIGHT)00
  m_TagString: Untagged
  m_Icon: {fileID: 0}
  m_NavMeshLayer: 0
  m_StaticEditorFlags: 0
  m_IsActive: 1
--- !u!1 &184990
GameObject:
  m_ObjectHideFlags: 1
  m_PrefabParentObject: {fileID: 0}
  m_PrefabInternal: {fileID: 100100000}
  serializedVersion: 5
  m_Component:
  - component: {fileID: 420118}
  m_Layer: 0
  m_Name: bat_end(RIGHT)02
  m_TagString: Untagged
  m_Icon: {fileID: 0}
  m_NavMeshLayer: 0
  m_StaticEditorFlags: 0
  m_IsActive: 1
--- !u!1 &185384
GameObject:
  m_ObjectHideFlags: 1
  m_PrefabParentObject: {fileID: 0}
  m_PrefabInternal: {fileID: 100100000}
  serializedVersion: 5
  m_Component:
  - component: {fileID: 435282}
  m_Layer: 0
  m_Name: bat_wing(LEFT)13
  m_TagString: Untagged
  m_Icon: {fileID: 0}
  m_NavMeshLayer: 0
  m_StaticEditorFlags: 0
  m_IsActive: 1
--- !u!1 &186278
GameObject:
  m_ObjectHideFlags: 1
  m_PrefabParentObject: {fileID: 0}
  m_PrefabInternal: {fileID: 100100000}
  serializedVersion: 5
  m_Component:
  - component: {fileID: 401718}
  m_Layer: 0
  m_Name: bat_wing(LEFT)03
  m_TagString: Untagged
  m_Icon: {fileID: 0}
  m_NavMeshLayer: 0
  m_StaticEditorFlags: 0
  m_IsActive: 1
--- !u!1 &187086
GameObject:
  m_ObjectHideFlags: 1
  m_PrefabParentObject: {fileID: 0}
  m_PrefabInternal: {fileID: 100100000}
  serializedVersion: 5
  m_Component:
  - component: {fileID: 457474}
  m_Layer: 0
  m_Name: bat_wing(LEFT)07
  m_TagString: Untagged
  m_Icon: {fileID: 0}
  m_NavMeshLayer: 0
  m_StaticEditorFlags: 0
  m_IsActive: 1
--- !u!1 &188486
GameObject:
  m_ObjectHideFlags: 1
  m_PrefabParentObject: {fileID: 0}
  m_PrefabInternal: {fileID: 100100000}
  serializedVersion: 5
  m_Component:
  - component: {fileID: 451290}
  m_Layer: 0
  m_Name: bat_mandible
  m_TagString: Untagged
  m_Icon: {fileID: 0}
  m_NavMeshLayer: 0
  m_StaticEditorFlags: 0
  m_IsActive: 1
--- !u!1 &188978
GameObject:
  m_ObjectHideFlags: 1
  m_PrefabParentObject: {fileID: 0}
  m_PrefabInternal: {fileID: 100100000}
  serializedVersion: 5
  m_Component:
  - component: {fileID: 431578}
  m_Layer: 0
  m_Name: bat_bones09
  m_TagString: Untagged
  m_Icon: {fileID: 0}
  m_NavMeshLayer: 0
  m_StaticEditorFlags: 0
  m_IsActive: 1
--- !u!1 &190488
GameObject:
  m_ObjectHideFlags: 1
  m_PrefabParentObject: {fileID: 0}
  m_PrefabInternal: {fileID: 100100000}
  serializedVersion: 5
  m_Component:
  - component: {fileID: 482838}
  m_Layer: 0
  m_Name: bat_leg(LEFT)00
  m_TagString: Untagged
  m_Icon: {fileID: 0}
  m_NavMeshLayer: 0
  m_StaticEditorFlags: 0
  m_IsActive: 1
--- !u!1 &192438
GameObject:
  m_ObjectHideFlags: 1
  m_PrefabParentObject: {fileID: 0}
  m_PrefabInternal: {fileID: 100100000}
  serializedVersion: 5
  m_Component:
  - component: {fileID: 416718}
  m_Layer: 0
  m_Name: bat_head
  m_TagString: Untagged
  m_Icon: {fileID: 0}
  m_NavMeshLayer: 0
  m_StaticEditorFlags: 0
  m_IsActive: 1
--- !u!1 &193536
GameObject:
  m_ObjectHideFlags: 1
  m_PrefabParentObject: {fileID: 0}
  m_PrefabInternal: {fileID: 100100000}
  serializedVersion: 5
  m_Component:
  - component: {fileID: 442216}
  m_Layer: 0
  m_Name: bat_leg(LEFT)03
  m_TagString: Untagged
  m_Icon: {fileID: 0}
  m_NavMeshLayer: 0
  m_StaticEditorFlags: 0
  m_IsActive: 1
--- !u!1 &195488
GameObject:
  m_ObjectHideFlags: 1
  m_PrefabParentObject: {fileID: 0}
  m_PrefabInternal: {fileID: 100100000}
  serializedVersion: 5
  m_Component:
  - component: {fileID: 477530}
  m_Layer: 0
  m_Name: bat_end(RIGHT)13
  m_TagString: Untagged
  m_Icon: {fileID: 0}
  m_NavMeshLayer: 0
  m_StaticEditorFlags: 0
  m_IsActive: 1
--- !u!1 &199090
GameObject:
  m_ObjectHideFlags: 1
  m_PrefabParentObject: {fileID: 0}
  m_PrefabInternal: {fileID: 100100000}
  serializedVersion: 5
  m_Component:
  - component: {fileID: 421922}
  m_Layer: 0
  m_Name: bat_wing(RIGHT)09
  m_TagString: Untagged
  m_Icon: {fileID: 0}
  m_NavMeshLayer: 0
  m_StaticEditorFlags: 0
  m_IsActive: 1
--- !u!4 &400760
Transform:
  m_ObjectHideFlags: 1
  m_PrefabParentObject: {fileID: 0}
  m_PrefabInternal: {fileID: 100100000}
  m_GameObject: {fileID: 178704}
  m_LocalRotation: {x: 0.70436895, y: -0.07204293, z: 0.07011178, w: 0.7026796}
  m_LocalPosition: {x: -0.14507507, y: 0, z: 0.000000057220458}
  m_LocalScale: {x: 1, y: 1, z: 1}
  m_Children: []
  m_Father: {fileID: 499582}
  m_RootOrder: 0
  m_LocalEulerAnglesHint: {x: 0, y: 0, z: 0}
--- !u!4 &401718
Transform:
  m_ObjectHideFlags: 1
  m_PrefabParentObject: {fileID: 0}
  m_PrefabInternal: {fileID: 100100000}
  m_GameObject: {fileID: 186278}
  m_LocalRotation: {x: 0.012553898, y: 0.008076663, z: 0.99502903, w: 0.09845985}
  m_LocalPosition: {x: -0.6534773, y: -0.012915878, z: 0.000033454893}
  m_LocalScale: {x: 0.9999999, y: 0.9999995, z: 0.99999976}
  m_Children:
  - {fileID: 405170}
  m_Father: {fileID: 444634}
  m_RootOrder: 0
  m_LocalEulerAnglesHint: {x: 0, y: 0, z: 0}
--- !u!4 &402256
Transform:
  m_ObjectHideFlags: 1
  m_PrefabParentObject: {fileID: 0}
  m_PrefabInternal: {fileID: 100100000}
  m_GameObject: {fileID: 109916}
  m_LocalRotation: {x: -0.0000004768374, y: 0.00000023841808, z: 0.0000010430814,
    w: 1}
  m_LocalPosition: {x: -0.1203598, y: 0.000000076293944, z: -1.1641532e-12}
  m_LocalScale: {x: 1, y: 1, z: 1}
  m_Children: []
  m_Father: {fileID: 492696}
  m_RootOrder: 0
  m_LocalEulerAnglesHint: {x: 0, y: 0, z: 0}
--- !u!4 &403844
Transform:
  m_ObjectHideFlags: 1
  m_PrefabParentObject: {fileID: 0}
  m_PrefabInternal: {fileID: 100100000}
  m_GameObject: {fileID: 165044}
  m_LocalRotation: {x: -0.007962773, y: -0.006346046, z: 0.43069136, w: 0.90244186}
  m_LocalPosition: {x: -0.6532831, y: 0.00045295715, z: -0.00024013518}
  m_LocalScale: {x: 1.0000002, y: 0.9999998, z: 0.99999976}
  m_Children:
  - {fileID: 435748}
  m_Father: {fileID: 405750}
  m_RootOrder: 1
  m_LocalEulerAnglesHint: {x: 0, y: 0, z: 0}
--- !u!4 &404634
Transform:
  m_ObjectHideFlags: 1
  m_PrefabParentObject: {fileID: 0}
  m_PrefabInternal: {fileID: 100100000}
  m_GameObject: {fileID: 110364}
  m_LocalRotation: {x: -0.11870178, y: -0.04706896, z: 0.52885777, w: 0.83904946}
  m_LocalPosition: {x: -0.30224425, y: -0.0000001335144, z: 0.0000000667572}
  m_LocalScale: {x: 0.99999976, y: 0.99999976, z: 1}
  m_Children:
  - {fileID: 474956}
  m_Father: {fileID: 443630}
  m_RootOrder: 0
  m_LocalEulerAnglesHint: {x: 0, y: 0, z: 0}
--- !u!4 &404800
Transform:
  m_ObjectHideFlags: 1
  m_PrefabParentObject: {fileID: 0}
  m_PrefabInternal: {fileID: 100100000}
  m_GameObject: {fileID: 139522}
  m_LocalRotation: {x: -0.0000012687879, y: -0.0000013777504, z: -0.0000009834783,
    w: 1}
  m_LocalPosition: {x: -0.21798898, y: 0, z: 0}
  m_LocalScale: {x: 0.99999994, y: 0.99999994, z: 1}
  m_Children: []
  m_Father: {fileID: 416718}
  m_RootOrder: 0
  m_LocalEulerAnglesHint: {x: 0, y: 0, z: 0}
--- !u!4 &405170
Transform:
  m_ObjectHideFlags: 1
  m_PrefabParentObject: {fileID: 0}
  m_PrefabInternal: {fileID: 100100000}
  m_GameObject: {fileID: 146264}
  m_LocalRotation: {x: -0.0008462318, y: 0.021383243, z: 0.04750467, w: 0.9986418}
  m_LocalPosition: {x: -0.47588336, y: 0.000000076293944, z: 0.000000038146972}
  m_LocalScale: {x: 1.0000002, y: 1.0000005, z: 1}
  m_Children:
  - {fileID: 494292}
  m_Father: {fileID: 401718}
  m_RootOrder: 0
  m_LocalEulerAnglesHint: {x: 0, y: 0, z: 0}
--- !u!4 &405750
Transform:
  m_ObjectHideFlags: 1
  m_PrefabParentObject: {fileID: 0}
  m_PrefabInternal: {fileID: 100100000}
  m_GameObject: {fileID: 143302}
  m_LocalRotation: {x: 0.03262993, y: -0.004340074, z: -0.80329746, w: 0.5946677}
  m_LocalPosition: {x: -0.27880675, y: -0.000000057220458, z: 0.000000076293944}
  m_LocalScale: {x: 1.0000001, y: 1.0000006, z: 1.0000005}
  m_Children:
  - {fileID: 464454}
  - {fileID: 403844}
  - {fileID: 421922}
  - {fileID: 477182}
  - {fileID: 457100}
  m_Father: {fileID: 429284}
  m_RootOrder: 0
  m_LocalEulerAnglesHint: {x: 0, y: 0, z: 0}
--- !u!4 &406802
Transform:
  m_ObjectHideFlags: 1
  m_PrefabParentObject: {fileID: 0}
  m_PrefabInternal: {fileID: 100100000}
  m_GameObject: {fileID: 110938}
  m_LocalRotation: {x: 0.000000047078483, y: 0.7071067, z: -0.00000004707848, w: 0.7071068}
  m_LocalPosition: {x: -0.000000076293944, y: 0.28046554, z: 0}
  m_LocalScale: {x: 1, y: 1, z: 1}
  m_Children: []
  m_Father: {fileID: 476550}
  m_RootOrder: 0
  m_LocalEulerAnglesHint: {x: 0, y: 0, z: 0}
--- !u!4 &408068
Transform:
  m_ObjectHideFlags: 1
  m_PrefabParentObject: {fileID: 0}
  m_PrefabInternal: {fileID: 100100000}
  m_GameObject: {fileID: 156926}
  m_LocalRotation: {x: 0.003837184, y: 0.025591154, z: -0.03604202, w: 0.9990152}
  m_LocalPosition: {x: -0.62577915, y: -0.000000028610229, z: 0.00000015258789}
  m_LocalScale: {x: 0.99999994, y: 1.0000004, z: 1.0000001}
  m_Children:
  - {fileID: 423076}
  m_Father: {fileID: 415984}
  m_RootOrder: 0
  m_LocalEulerAnglesHint: {x: 0, y: 0, z: 0}
--- !u!4 &410580
Transform:
  m_ObjectHideFlags: 1
  m_PrefabParentObject: {fileID: 0}
  m_PrefabInternal: {fileID: 100100000}
  m_GameObject: {fileID: 138578}
  m_LocalRotation: {x: 0.003245656, y: -0.01841722, z: -0.028418295, w: 0.9994212}
  m_LocalPosition: {x: -0.5933914, y: -0.0000006866455, z: -0.0000005340576}
  m_LocalScale: {x: 1, y: 1, z: 1}
  m_Children: []
  m_Father: {fileID: 422612}
  m_RootOrder: 0
  m_LocalEulerAnglesHint: {x: 0, y: 0, z: 0}
--- !u!4 &413020
Transform:
  m_ObjectHideFlags: 1
  m_PrefabParentObject: {fileID: 0}
  m_PrefabInternal: {fileID: 100100000}
  m_GameObject: {fileID: 176864}
  m_LocalRotation: {x: -0.12810117, y: 0.0060480344, z: 0.11640651, w: 0.98488736}
  m_LocalPosition: {x: -0.12256324, y: 0, z: 0}
  m_LocalScale: {x: 1, y: 1, z: 1}
  m_Children: []
  m_Father: {fileID: 474956}
  m_RootOrder: 0
  m_LocalEulerAnglesHint: {x: 0, y: 0, z: 0}
--- !u!4 &415984
Transform:
  m_ObjectHideFlags: 1
  m_PrefabParentObject: {fileID: 0}
  m_PrefabInternal: {fileID: 100100000}
  m_GameObject: {fileID: 103944}
  m_LocalRotation: {x: -0.0055802655, y: -0.006988121, z: 0.528211, w: 0.8490661}
  m_LocalPosition: {x: -0.62193936, y: -0.00081752776, z: 0.000053443906}
  m_LocalScale: {x: 1, y: 0.9999995, z: 0.99999964}
  m_Children:
  - {fileID: 408068}
  m_Father: {fileID: 444634}
  m_RootOrder: 2
  m_LocalEulerAnglesHint: {x: 0, y: 0, z: 0}
--- !u!4 &416718
Transform:
  m_ObjectHideFlags: 1
  m_PrefabParentObject: {fileID: 0}
  m_PrefabInternal: {fileID: 100100000}
  m_GameObject: {fileID: 192438}
  m_LocalRotation: {x: -0.00000058852595, y: 0.00000088910383, z: 0.12077366, w: 0.9926801}
  m_LocalPosition: {x: -0.17218514, y: 0.000000076293944, z: 5.820766e-13}
  m_LocalScale: {x: 1, y: 1, z: 1}
  m_Children:
  - {fileID: 404800}
  m_Father: {fileID: 484848}
  m_RootOrder: 3
  m_LocalEulerAnglesHint: {x: 0, y: 0, z: 0}
--- !u!4 &417792
Transform:
  m_ObjectHideFlags: 1
  m_PrefabParentObject: {fileID: 0}
  m_PrefabInternal: {fileID: 100100000}
  m_GameObject: {fileID: 165944}
  m_LocalRotation: {x: -0.49489024, y: -0.2621089, z: 0.69745475, w: -0.44714603}
  m_LocalPosition: {x: -0.17218521, y: 0, z: 0}
  m_LocalScale: {x: 0.9999992, y: 0.9999992, z: 1}
  m_Children:
  - {fileID: 438082}
  m_Father: {fileID: 484848}
  m_RootOrder: 1
  m_LocalEulerAnglesHint: {x: 0, y: 0, z: 0}
--- !u!4 &418782
Transform:
  m_ObjectHideFlags: 1
  m_PrefabParentObject: {fileID: 0}
  m_PrefabInternal: {fileID: 100100000}
  m_GameObject: {fileID: 109078}
  m_LocalRotation: {x: 0.0015607952, y: -0.020734088, z: 0.006015144, w: 0.99976575}
  m_LocalPosition: {x: -0.5269391, y: -0.00000022888183, z: -0.0000002670288}
  m_LocalScale: {x: 1, y: 1, z: 1}
  m_Children: []
  m_Father: {fileID: 435748}
  m_RootOrder: 0
  m_LocalEulerAnglesHint: {x: 0, y: 0, z: 0}
--- !u!4 &420118
Transform:
  m_ObjectHideFlags: 1
  m_PrefabParentObject: {fileID: 0}
  m_PrefabInternal: {fileID: 100100000}
  m_GameObject: {fileID: 184990}
  m_LocalRotation: {x: -0.0000025449788, y: -0.0000027424053, z: -0.11253391, w: 0.9936479}
  m_LocalPosition: {x: -0.22698574, y: 0.000000038146972, z: 4.3655745e-13}
  m_LocalScale: {x: 1, y: 1, z: 1}
  m_Children: []
  m_Father: {fileID: 451290}
  m_RootOrder: 0
  m_LocalEulerAnglesHint: {x: 0, y: 0, z: 0}
--- !u!4 &421290
Transform:
  m_ObjectHideFlags: 1
  m_PrefabParentObject: {fileID: 0}
  m_PrefabInternal: {fileID: 100100000}
  m_GameObject: {fileID: 132064}
  m_LocalRotation: {x: -0.00000167859, y: 0.00000015654798, z: 0.04888495, w: 0.99880445}
  m_LocalPosition: {x: -0.15812911, y: -0.000000038146972, z: 0.0000000012626696}
  m_LocalScale: {x: 1, y: 1, z: 1}
  m_Children:
  - {fileID: 484008}
  m_Father: {fileID: 480510}
  m_RootOrder: 0
  m_LocalEulerAnglesHint: {x: 0, y: 0, z: 0}
--- !u!4 &421922
Transform:
  m_ObjectHideFlags: 1
  m_PrefabParentObject: {fileID: 0}
  m_PrefabInternal: {fileID: 100100000}
  m_GameObject: {fileID: 199090}
  m_LocalRotation: {x: -0.005478857, y: -0.007148804, z: 0.5280253, w: 0.84918094}
  m_LocalPosition: {x: -0.6219395, y: -0.0008176041, z: 0.000053482054}
  m_LocalScale: {x: 1, y: 0.9999995, z: 0.99999964}
  m_Children:
  - {fileID: 465964}
  m_Father: {fileID: 405750}
  m_RootOrder: 2
  m_LocalEulerAnglesHint: {x: 0, y: 0, z: 0}
--- !u!4 &422612
Transform:
  m_ObjectHideFlags: 1
  m_PrefabParentObject: {fileID: 0}
  m_PrefabInternal: {fileID: 100100000}
  m_GameObject: {fileID: 141674}
  m_LocalRotation: {x: 0.0009742751, y: 0.023979804, z: 0.32023948, w: 0.9470326}
  m_LocalPosition: {x: -0.6139719, y: 0.000000019073486, z: 0.00000015258789}
  m_LocalScale: {x: 1, y: 0.99999994, z: 1.0000002}
  m_Children:
  - {fileID: 410580}
  m_Father: {fileID: 477182}
  m_RootOrder: 0
  m_LocalEulerAnglesHint: {x: 0, y: 0, z: 0}
--- !u!4 &423076
Transform:
  m_ObjectHideFlags: 1
  m_PrefabParentObject: {fileID: 0}
  m_PrefabInternal: {fileID: 100100000}
  m_GameObject: {fileID: 100590}
  m_LocalRotation: {x: -0.00039743353, y: -0.017497381, z: 0.0038441096, w: 0.9998395}
  m_LocalPosition: {x: -0.6106249, y: -0.000000095367426, z: 0.000000114440915}
  m_LocalScale: {x: 1, y: 1, z: 1}
  m_Children: []
  m_Father: {fileID: 408068}
  m_RootOrder: 0
  m_LocalEulerAnglesHint: {x: 0, y: 0, z: 0}
--- !u!4 &424042
Transform:
  m_ObjectHideFlags: 1
  m_PrefabParentObject: {fileID: 0}
  m_PrefabInternal: {fileID: 100100000}
  m_GameObject: {fileID: 168322}
  m_LocalRotation: {x: -0.015692823, y: -0.04099444, z: 0.09446315, w: 0.9945602}
  m_LocalPosition: {x: -0.1402718, y: -0.000000057220458, z: 0.000000076293944}
  m_LocalScale: {x: 1.0000001, y: 1.0000001, z: 1}
  m_Children: []
  m_Father: {fileID: 464228}
  m_RootOrder: 0
  m_LocalEulerAnglesHint: {x: 0, y: 0, z: 0}
--- !u!4 &424496
Transform:
  m_ObjectHideFlags: 1
  m_PrefabParentObject: {fileID: 0}
  m_PrefabInternal: {fileID: 100100000}
  m_GameObject: {fileID: 109698}
  m_LocalRotation: {x: 0.0020037843, y: -0.01722779, z: -0.007192005, w: 0.9998237}
  m_LocalPosition: {x: -0.5494098, y: -0.000000076293944, z: -0.000000038146972}
  m_LocalScale: {x: 1, y: 1, z: 0.99999994}
  m_Children: []
  m_Father: {fileID: 476246}
  m_RootOrder: 0
  m_LocalEulerAnglesHint: {x: 0, y: 0, z: 0}
--- !u!4 &429036
Transform:
  m_ObjectHideFlags: 1
  m_PrefabParentObject: {fileID: 0}
  m_PrefabInternal: {fileID: 100100000}
  m_GameObject: {fileID: 165806}
  m_LocalRotation: {x: -0.008039807, y: -0.006151613, z: 0.43076518, w: 0.9024073}
  m_LocalPosition: {x: -0.653283, y: 0.0004529953, z: -0.00024009704}
  m_LocalScale: {x: 1.0000002, y: 0.9999998, z: 0.99999976}
  m_Children:
  - {fileID: 457474}
  m_Father: {fileID: 444634}
  m_RootOrder: 1
  m_LocalEulerAnglesHint: {x: 0, y: 0, z: 0}
--- !u!4 &429284
Transform:
  m_ObjectHideFlags: 1
  m_PrefabParentObject: {fileID: 0}
  m_PrefabInternal: {fileID: 100100000}
  m_GameObject: {fileID: 174502}
  m_LocalRotation: {x: -0.010719683, y: 0.08936403, z: 0.23250541, w: 0.96842164}
  m_LocalPosition: {x: -0.105236426, y: -0.00000019073485, z: 0.000000038146972}
  m_LocalScale: {x: 0.9999998, y: 1.0000001, z: 0.99999994}
  m_Children:
  - {fileID: 405750}
  m_Father: {fileID: 437718}
  m_RootOrder: 0
  m_LocalEulerAnglesHint: {x: 0, y: 0, z: 0}
--- !u!4 &431578
Transform:
  m_ObjectHideFlags: 1
  m_PrefabParentObject: {fileID: 0}
  m_PrefabInternal: {fileID: 100100000}
  m_GameObject: {fileID: 188978}
  m_LocalRotation: {x: -0.0000014572742, y: -0.00000016503328, z: -0.1092818, w: 0.9940108}
  m_LocalPosition: {x: -0.13111298, y: 0, z: 7.68523e-13}
  m_LocalScale: {x: 1.0000006, y: 1.0000006, z: 1}
  m_Children:
  - {fileID: 447436}
  - {fileID: 437018}
  - {fileID: 437718}
  m_Father: {fileID: 482164}
  m_RootOrder: 0
  m_LocalEulerAnglesHint: {x: 0, y: 0, z: 0}
--- !u!4 &431936
Transform:
  m_ObjectHideFlags: 1
  m_PrefabParentObject: {fileID: 0}
  m_PrefabInternal: {fileID: 100100000}
  m_GameObject: {fileID: 156134}
  m_LocalRotation: {x: 0.00000006816204, y: 0.000000054741932, z: 0.6261748, w: 0.7796827}
  m_LocalPosition: {x: -0.106825486, y: -0.000000019073486, z: -0.00000001021785}
  m_LocalScale: {x: 0.99999994, y: 0.99999994, z: 1}
  m_Children:
  - {fileID: 480510}
  m_Father: {fileID: 451098}
  m_RootOrder: 3
  m_LocalEulerAnglesHint: {x: 0, y: 0, z: 0}
--- !u!4 &435282
Transform:
  m_ObjectHideFlags: 1
  m_PrefabParentObject: {fileID: 0}
  m_PrefabInternal: {fileID: 100100000}
  m_GameObject: {fileID: 185384}
  m_LocalRotation: {x: 0.0012613169, y: 0.023890316, z: 0.32022578, w: 0.9470391}
  m_LocalPosition: {x: -0.6139718, y: -0.000000095367426, z: 0.00000015258789}
  m_LocalScale: {x: 1, y: 0.99999994, z: 1.0000002}
  m_Children:
  - {fileID: 480542}
  m_Father: {fileID: 499382}
  m_RootOrder: 0
  m_LocalEulerAnglesHint: {x: 0, y: 0, z: 0}
--- !u!4 &435748
Transform:
  m_ObjectHideFlags: 1
  m_PrefabParentObject: {fileID: 0}
  m_PrefabInternal: {fileID: 100100000}
  m_GameObject: {fileID: 144270}
  m_LocalRotation: {x: 0.00044038193, y: 0.02421141, z: 0.24418171, w: 0.9694271}
  m_LocalPosition: {x: -0.7685149, y: 0.000000019073486, z: 0.00000015258789}
  m_LocalScale: {x: 1.0000001, y: 0.99999994, z: 1.0000001}
  m_Children:
  - {fileID: 418782}
  m_Father: {fileID: 403844}
  m_RootOrder: 0
  m_LocalEulerAnglesHint: {x: 0, y: 0, z: 0}
--- !u!4 &437018
Transform:
  m_ObjectHideFlags: 1
  m_PrefabParentObject: {fileID: 0}
  m_PrefabInternal: {fileID: 100100000}
  m_GameObject: {fileID: 107564}
  m_LocalRotation: {x: -0.58568203, y: -0.4764817, z: -0.34350348, w: 0.5585222}
  m_LocalPosition: {x: -0.16884914, y: -0.000000076293944, z: 0.00058063515}
  m_LocalScale: {x: -0.99999946, y: -0.9999994, z: -0.9999993}
  m_Children:
  - {fileID: 447072}
  m_Father: {fileID: 431578}
  m_RootOrder: 1
  m_LocalEulerAnglesHint: {x: 0, y: 0, z: 0}
--- !u!4 &437718
Transform:
  m_ObjectHideFlags: 1
  m_PrefabParentObject: {fileID: 0}
  m_PrefabInternal: {fileID: 100100000}
  m_GameObject: {fileID: 130040}
  m_LocalRotation: {x: -0.4764221, y: 0.58583206, z: -0.5586392, w: -0.34314013}
  m_LocalPosition: {x: -0.16884914, y: -0.000000076293944, z: 0.000000019068247}
  m_LocalScale: {x: 0.99999994, y: 0.9999994, z: 0.99999934}
  m_Children:
  - {fileID: 429284}
  m_Father: {fileID: 431578}
  m_RootOrder: 2
  m_LocalEulerAnglesHint: {x: 0, y: 0, z: 0}
--- !u!4 &438082
Transform:
  m_ObjectHideFlags: 1
  m_PrefabParentObject: {fileID: 0}
  m_PrefabInternal: {fileID: 100100000}
  m_GameObject: {fileID: 111494}
  m_LocalRotation: {x: -0.47284374, y: 0.16476409, z: -0.4862975, w: 0.71609104}
  m_LocalPosition: {x: -0.069522664, y: 0.000000038146972, z: 0.000000009536743}
  m_LocalScale: {x: 1.0000001, y: 1.0000001, z: 1}
  m_Children:
  - {fileID: 474000}
  m_Father: {fileID: 417792}
  m_RootOrder: 0
  m_LocalEulerAnglesHint: {x: 0, y: 0, z: 0}
--- !u!4 &438738
Transform:
  m_ObjectHideFlags: 1
  m_PrefabParentObject: {fileID: 0}
  m_PrefabInternal: {fileID: 100100000}
  m_GameObject: {fileID: 174322}
  m_LocalRotation: {x: -0.006660281, y: -0.28778297, z: 0.6159189, w: 0.7333352}
  m_LocalPosition: {x: -0.13719033, y: 0, z: -0.000000038146972}
  m_LocalScale: {x: 1.0000001, y: 1.0000001, z: 1}
  m_Children:
  - {fileID: 477530}
  m_Father: {fileID: 442216}
  m_RootOrder: 0
  m_LocalEulerAnglesHint: {x: 0, y: 0, z: 0}
--- !u!4 &442216
Transform:
  m_ObjectHideFlags: 1
  m_PrefabParentObject: {fileID: 0}
  m_PrefabInternal: {fileID: 100100000}
  m_GameObject: {fileID: 193536}
  m_LocalRotation: {x: -0.3724944, y: -0.035995837, z: 0.5303458, w: 0.76071393}
  m_LocalPosition: {x: -0.30224457, y: -0.000000047683713, z: 0.000000019073486}
  m_LocalScale: {x: 0.99999976, y: 0.99999976, z: 1}
  m_Children:
  - {fileID: 438738}
  m_Father: {fileID: 454412}
  m_RootOrder: 0
  m_LocalEulerAnglesHint: {x: 0, y: 0, z: 0}
--- !u!4 &442930
Transform:
  m_ObjectHideFlags: 1
  m_PrefabParentObject: {fileID: 0}
  m_PrefabInternal: {fileID: 100100000}
  m_GameObject: {fileID: 147796}
  m_LocalRotation: {x: -0.03175279, y: 0.0045209066, z: 0.18376327, w: 0.98244715}
  m_LocalPosition: {x: -0.6532594, y: 0.0004529953, z: -0.00023990631}
  m_LocalScale: {x: 0.9999997, y: 0.9999992, z: 0.9999995}
  m_Children:
  - {fileID: 496070}
  m_Father: {fileID: 444634}
  m_RootOrder: 4
  m_LocalEulerAnglesHint: {x: 0, y: 0, z: 0}
--- !u!4 &443630
Transform:
  m_ObjectHideFlags: 1
  m_PrefabParentObject: {fileID: 0}
  m_PrefabInternal: {fileID: 100100000}
  m_GameObject: {fileID: 180380}
  m_LocalRotation: {x: -0.056729868, y: -0.104523666, z: -0.8288623, w: 0.5466662}
  m_LocalPosition: {x: -0.25522715, y: -0.0034275816, z: -0.0016077041}
  m_LocalScale: {x: 1, y: 1, z: 1}
  m_Children:
  - {fileID: 404634}
  m_Father: {fileID: 490344}
  m_RootOrder: 0
  m_LocalEulerAnglesHint: {x: 0, y: 0, z: 0}
--- !u!4 &444634
Transform:
  m_ObjectHideFlags: 1
  m_PrefabParentObject: {fileID: 0}
  m_PrefabInternal: {fileID: 100100000}
  m_GameObject: {fileID: 172042}
  m_LocalRotation: {x: 0.0327324, y: -0.0044788914, z: -0.8032966, w: 0.59466213}
  m_LocalPosition: {x: -0.27880654, y: 0.000000019073486, z: 0.000000076293944}
  m_LocalScale: {x: 1.0000001, y: 1.0000006, z: 1.0000005}
  m_Children:
  - {fileID: 401718}
  - {fileID: 429036}
  - {fileID: 415984}
  - {fileID: 499382}
  - {fileID: 442930}
  m_Father: {fileID: 447072}
  m_RootOrder: 0
  m_LocalEulerAnglesHint: {x: 0, y: 0, z: 0}
--- !u!4 &447072
Transform:
  m_ObjectHideFlags: 1
  m_PrefabParentObject: {fileID: 0}
  m_PrefabInternal: {fileID: 100100000}
  m_GameObject: {fileID: 154682}
  m_LocalRotation: {x: -0.010475039, y: 0.08924154, z: 0.23289758, w: 0.96834135}
  m_LocalPosition: {x: -0.10523641, y: -0.00000019073485, z: 0.000000038146972}
  m_LocalScale: {x: 0.9999998, y: 1.0000001, z: 0.99999994}
  m_Children:
  - {fileID: 444634}
  m_Father: {fileID: 437018}
  m_RootOrder: 0
  m_LocalEulerAnglesHint: {x: 0, y: 0, z: 0}
--- !u!4 &447436
Transform:
  m_ObjectHideFlags: 1
  m_PrefabParentObject: {fileID: 0}
  m_PrefabInternal: {fileID: 100100000}
  m_GameObject: {fileID: 104748}
  m_LocalRotation: {x: -0.0000031065824, y: -0.00000013274418, z: -0.037412643, w: 0.99929994}
  m_LocalPosition: {x: -0.168851, y: -0.0000009918213, z: 7.275957e-13}
  m_LocalScale: {x: 0.9999995, y: 0.9999995, z: 1}
  m_Children:
  - {fileID: 484848}
  m_Father: {fileID: 431578}
  m_RootOrder: 0
  m_LocalEulerAnglesHint: {x: 0, y: 0, z: 0}
--- !u!4 &451098
Transform:
  m_ObjectHideFlags: 1
  m_PrefabParentObject: {fileID: 0}
  m_PrefabInternal: {fileID: 100100000}
  m_GameObject: {fileID: 127102}
  m_LocalRotation: {x: 0.29161543, y: 0.64417434, z: 0.29161537, w: 0.64417416}
  m_LocalPosition: {x: 0.001979599, y: -0.09367172, z: 0.40263367}
  m_LocalScale: {x: 1, y: 1, z: 1}
  m_Children:
  - {fileID: 492678}
  - {fileID: 482838}
  - {fileID: 478888}
  - {fileID: 431936}
  m_Father: {fileID: 459448}
  m_RootOrder: 0
  m_LocalEulerAnglesHint: {x: 0, y: 0, z: 0}
--- !u!4 &451290
Transform:
  m_ObjectHideFlags: 1
  m_PrefabParentObject: {fileID: 0}
  m_PrefabInternal: {fileID: 100100000}
  m_GameObject: {fileID: 188486}
  m_LocalRotation: {x: -0.00000444531, y: 0.0000029429455, z: 0.7216304, w: 0.6922786}
  m_LocalPosition: {x: -0.15948698, y: -0.000000114440915, z: 0}
  m_LocalScale: {x: 1.0000002, y: 1.0000002, z: 1}
  m_Children:
  - {fileID: 420118}
  m_Father: {fileID: 490886}
  m_RootOrder: 0
  m_LocalEulerAnglesHint: {x: 0, y: 0, z: 0}
--- !u!4 &452014
Transform:
  m_ObjectHideFlags: 1
  m_PrefabParentObject: {fileID: 0}
  m_PrefabInternal: {fileID: 100100000}
  m_GameObject: {fileID: 142144}
  m_LocalRotation: {x: -0.26200446, y: 0.49507105, z: 0.44703093, w: 0.6974394}
  m_LocalPosition: {x: -0.17218517, y: 0.000000038146972, z: -0.0026903057}
  m_LocalScale: {x: -0.99999905, y: -0.9999992, z: -0.99999946}
  m_Children:
  - {fileID: 499582}
  m_Father: {fileID: 484848}
  m_RootOrder: 2
  m_LocalEulerAnglesHint: {x: 0, y: 0, z: 0}
--- !u!4 &454412
Transform:
  m_ObjectHideFlags: 1
  m_PrefabParentObject: {fileID: 0}
  m_PrefabInternal: {fileID: 100100000}
  m_GameObject: {fileID: 168494}
  m_LocalRotation: {x: 0.1890368, y: -0.039277427, z: -0.8373108, w: 0.5115008}
  m_LocalPosition: {x: -0.25489694, y: 0.00002494812, z: -0.00034152984}
  m_LocalScale: {x: 1, y: 1, z: 1}
  m_Children:
  - {fileID: 442216}
  m_Father: {fileID: 475442}
  m_RootOrder: 0
  m_LocalEulerAnglesHint: {x: 0, y: 0, z: 0}
--- !u!4 &457100
Transform:
  m_ObjectHideFlags: 1
  m_PrefabParentObject: {fileID: 0}
  m_PrefabInternal: {fileID: 100100000}
  m_GameObject: {fileID: 151112}
  m_LocalRotation: {x: -0.03289841, y: 0.005199193, z: 0.18332323, w: 0.98248833}
  m_LocalPosition: {x: -0.6532594, y: 0.0004529953, z: -0.00023990631}
  m_LocalScale: {x: 0.9999997, y: 0.9999992, z: 0.9999995}
  m_Children:
  - {fileID: 464228}
  m_Father: {fileID: 405750}
  m_RootOrder: 4
  m_LocalEulerAnglesHint: {x: 0, y: 0, z: 0}
--- !u!4 &457474
Transform:
  m_ObjectHideFlags: 1
  m_PrefabParentObject: {fileID: 0}
  m_PrefabInternal: {fileID: 100100000}
  m_GameObject: {fileID: 187086}
  m_LocalRotation: {x: 0.00030010566, y: 0.02403312, z: 0.24390185, w: 0.96950203}
  m_LocalPosition: {x: -0.76851493, y: 0.000000038146972, z: 0.00000019073485}
  m_LocalScale: {x: 1.0000001, y: 0.99999994, z: 1.0000001}
  m_Children:
  - {fileID: 470862}
  m_Father: {fileID: 429036}
  m_RootOrder: 0
  m_LocalEulerAnglesHint: {x: 0, y: 0, z: 0}
--- !u!4 &458318
Transform:
  m_ObjectHideFlags: 1
  m_PrefabParentObject: {fileID: 0}
  m_PrefabInternal: {fileID: 100100000}
  m_GameObject: {fileID: 165394}
  m_LocalRotation: {x: -0.015692826, y: -0.040994436, z: 0.09446311, w: 0.9945602}
  m_LocalPosition: {x: -0.14027195, y: -0.0000000667572, z: 0}
  m_LocalScale: {x: 1.0000001, y: 1.0000001, z: 1}
  m_Children: []
  m_Father: {fileID: 496070}
  m_RootOrder: 0
  m_LocalEulerAnglesHint: {x: 0, y: 0, z: 0}
--- !u!4 &459448
Transform:
  m_ObjectHideFlags: 1
  m_PrefabParentObject: {fileID: 0}
  m_PrefabInternal: {fileID: 100100000}
  m_GameObject: {fileID: 164888}
  m_LocalRotation: {x: -0.7071068, y: 0, z: -0, w: 0.7071068}
  m_LocalPosition: {x: -0.001979599, y: 0.00017011641, z: 0.6706325}
  m_LocalScale: {x: 1, y: 1, z: 1}
  m_Children:
  - {fileID: 451098}
  m_Father: {fileID: 476550}
  m_RootOrder: 1
  m_LocalEulerAnglesHint: {x: 0, y: 0, z: 0}
--- !u!4 &464228
Transform:
  m_ObjectHideFlags: 1
  m_PrefabParentObject: {fileID: 0}
  m_PrefabInternal: {fileID: 100100000}
  m_GameObject: {fileID: 111362}
  m_LocalRotation: {x: -0.009861378, y: -0.0077575594, z: 0.9071041, w: -0.4207194}
  m_LocalPosition: {x: -0.17742412, y: 0.00000015258789, z: 0}
  m_LocalScale: {x: 1, y: 0.99999994, z: 0.9999999}
  m_Children:
  - {fileID: 424042}
  m_Father: {fileID: 457100}
  m_RootOrder: 0
  m_LocalEulerAnglesHint: {x: 0, y: 0, z: 0}
--- !u!4 &464454
Transform:
  m_ObjectHideFlags: 1
  m_PrefabParentObject: {fileID: 0}
  m_PrefabInternal: {fileID: 100100000}
  m_GameObject: {fileID: 106138}
  m_LocalRotation: {x: 0.012682141, y: 0.0082615325, z: 0.9950322, w: 0.098396786}
  m_LocalPosition: {x: -0.65347725, y: -0.012915954, z: 0.000033569337}
  m_LocalScale: {x: 0.9999999, y: 0.9999995, z: 0.99999976}
  m_Children:
  - {fileID: 476246}
  m_Father: {fileID: 405750}
  m_RootOrder: 0
  m_LocalEulerAnglesHint: {x: 0, y: 0, z: 0}
--- !u!4 &465964
Transform:
  m_ObjectHideFlags: 1
  m_PrefabParentObject: {fileID: 0}
  m_PrefabInternal: {fileID: 100100000}
  m_GameObject: {fileID: 137908}
  m_LocalRotation: {x: 0.004182999, y: 0.025704501, z: -0.036155917, w: 0.99900675}
  m_LocalPosition: {x: -0.62577915, y: -0.000000038146972, z: 0.00000019073485}
  m_LocalScale: {x: 0.99999994, y: 1.0000004, z: 1.0000001}
  m_Children:
  - {fileID: 478382}
  m_Father: {fileID: 421922}
  m_RootOrder: 0
  m_LocalEulerAnglesHint: {x: 0, y: 0, z: 0}
--- !u!4 &470862
Transform:
  m_ObjectHideFlags: 1
  m_PrefabParentObject: {fileID: 0}
  m_PrefabInternal: {fileID: 100100000}
  m_GameObject: {fileID: 155316}
  m_LocalRotation: {x: 0.0015607944, y: -0.020734088, z: 0.0060151652, w: 0.99976575}
  m_LocalPosition: {x: -0.5269394, y: -0.00000030517577, z: -0.0000002670288}
  m_LocalScale: {x: 1, y: 1, z: 1}
  m_Children: []
  m_Father: {fileID: 457474}
  m_RootOrder: 0
  m_LocalEulerAnglesHint: {x: 0, y: 0, z: 0}
--- !u!4 &474000
Transform:
  m_ObjectHideFlags: 1
  m_PrefabParentObject: {fileID: 0}
  m_PrefabInternal: {fileID: 100100000}
  m_GameObject: {fileID: 127888}
  m_LocalRotation: {x: 0.70436895, y: -0.07204294, z: 0.07011173, w: 0.7026796}
  m_LocalPosition: {x: -0.14507504, y: 0, z: 0.000000019073486}
  m_LocalScale: {x: 1, y: 1, z: 1}
  m_Children: []
  m_Father: {fileID: 438082}
  m_RootOrder: 0
  m_LocalEulerAnglesHint: {x: 0, y: 0, z: 0}
--- !u!4 &474880
Transform:
  m_ObjectHideFlags: 1
  m_PrefabParentObject: {fileID: 0}
  m_PrefabInternal: {fileID: 100100000}
  m_GameObject: {fileID: 149364}
  m_LocalRotation: {x: -2.1648906e-17, y: 0.7071067, z: 2.1648903e-17, w: 0.7071068}
  m_LocalPosition: {x: -0.0000000948971, y: 0, z: 0}
  m_LocalScale: {x: 1, y: 1, z: 1}
  m_Children: []
  m_Father: {fileID: 476550}
  m_RootOrder: 2
  m_LocalEulerAnglesHint: {x: 0, y: 0, z: 0}
--- !u!4 &474956
Transform:
  m_ObjectHideFlags: 1
  m_PrefabParentObject: {fileID: 0}
  m_PrefabInternal: {fileID: 100100000}
  m_GameObject: {fileID: 118700}
  m_LocalRotation: {x: 0.18130793, y: -0.04160717, z: 0.67724127, w: 0.7118571}
  m_LocalPosition: {x: -0.13719024, y: -0.00000015258789, z: 0.000000047683713}
  m_LocalScale: {x: 1.0000001, y: 1.0000001, z: 1}
  m_Children:
  - {fileID: 413020}
  m_Father: {fileID: 404634}
  m_RootOrder: 0
  m_LocalEulerAnglesHint: {x: 0, y: 0, z: 0}
--- !u!4 &475442
Transform:
  m_ObjectHideFlags: 1
  m_PrefabParentObject: {fileID: 0}
  m_PrefabInternal: {fileID: 100100000}
  m_GameObject: {fileID: 140672}
  m_LocalRotation: {x: -0.011194527, y: -0.4561443, z: -0.25563726, w: 0.85232425}
  m_LocalPosition: {x: -0.1504417, y: 0.00000034332274, z: 0.000000076293944}
  m_LocalScale: {x: 1.0000001, y: 1.0000001, z: 1}
  m_Children:
  - {fileID: 454412}
  m_Father: {fileID: 482838}
  m_RootOrder: 0
  m_LocalEulerAnglesHint: {x: 0, y: 0, z: 0}
--- !u!4 &476246
Transform:
  m_ObjectHideFlags: 1
  m_PrefabParentObject: {fileID: 0}
  m_PrefabInternal: {fileID: 100100000}
  m_GameObject: {fileID: 128040}
  m_LocalRotation: {x: -0.00067820144, y: 0.021536784, z: 0.047465246, w: 0.9986405}
  m_LocalPosition: {x: -0.47588348, y: 0.000000038146972, z: 0.000000038146972}
  m_LocalScale: {x: 1.0000002, y: 1.0000005, z: 1}
  m_Children:
  - {fileID: 424496}
  m_Father: {fileID: 464454}
  m_RootOrder: 0
  m_LocalEulerAnglesHint: {x: 0, y: 0, z: 0}
--- !u!4 &476550
Transform:
  m_ObjectHideFlags: 1
  m_PrefabParentObject: {fileID: 0}
  m_PrefabInternal: {fileID: 100100000}
  m_GameObject: {fileID: 122084}
  m_LocalRotation: {x: 0.7071068, y: 0, z: 0, w: 0.7071068}
  m_LocalPosition: {x: 0.01395813, y: 0.7003407, z: 0}
  m_LocalScale: {x: 1, y: 1, z: 1}
  m_Children:
  - {fileID: 406802}
  - {fileID: 459448}
  - {fileID: 474880}
  m_Father: {fileID: 0}
  m_RootOrder: 0
  m_LocalEulerAnglesHint: {x: 0, y: 0, z: 0}
--- !u!4 &477182
Transform:
  m_ObjectHideFlags: 1
  m_PrefabParentObject: {fileID: 0}
  m_PrefabInternal: {fileID: 100100000}
  m_GameObject: {fileID: 158972}
  m_LocalRotation: {x: 0.0012732628, y: -0.0034233076, z: 0.78015083, w: 0.62558085}
  m_LocalPosition: {x: -0.6202718, y: 0.0021653748, z: 0.000006561279}
  m_LocalScale: {x: 0.99999934, y: 0.99999976, z: 0.9999994}
  m_Children:
  - {fileID: 422612}
  m_Father: {fileID: 405750}
  m_RootOrder: 3
  m_LocalEulerAnglesHint: {x: 0, y: 0, z: 0}
--- !u!4 &477530
Transform:
  m_ObjectHideFlags: 1
  m_PrefabParentObject: {fileID: 0}
  m_PrefabInternal: {fileID: 100100000}
  m_GameObject: {fileID: 195488}
  m_LocalRotation: {x: 0.26177213, y: -0.08318666, z: 0.094333135, w: 0.9568995}
  m_LocalPosition: {x: -0.12198951, y: 0.00000015258789, z: 0.000000038146972}
  m_LocalScale: {x: 1, y: 1, z: 1}
  m_Children: []
  m_Father: {fileID: 438738}
  m_RootOrder: 0
  m_LocalEulerAnglesHint: {x: 0, y: 0, z: 0}
--- !u!4 &478382
Transform:
  m_ObjectHideFlags: 1
  m_PrefabParentObject: {fileID: 0}
  m_PrefabInternal: {fileID: 100100000}
  m_GameObject: {fileID: 166864}
  m_LocalRotation: {x: -0.00039743356, y: -0.017497381, z: 0.00384411, w: 0.9998395}
  m_LocalPosition: {x: -0.61062443, y: -0.000000114440915, z: 0.000000114440915}
  m_LocalScale: {x: 1, y: 1, z: 1}
  m_Children: []
  m_Father: {fileID: 465964}
  m_RootOrder: 0
  m_LocalEulerAnglesHint: {x: 0, y: 0, z: 0}
--- !u!4 &478888
Transform:
  m_ObjectHideFlags: 1
  m_PrefabParentObject: {fileID: 0}
  m_PrefabInternal: {fileID: 100100000}
  m_GameObject: {fileID: 184038}
  m_LocalRotation: {x: 0.4934097, y: -0.105512865, z: 0.8442507, w: 0.1807061}
  m_LocalPosition: {x: -0.10682556, y: -0.0000001335144, z: 0.0018492864}
  m_LocalScale: {x: 1, y: 1.0000001, z: 0.9999999}
  m_Children:
  - {fileID: 490344}
  m_Father: {fileID: 451098}
  m_RootOrder: 2
  m_LocalEulerAnglesHint: {x: 0, y: 0, z: 0}
--- !u!4 &480510
Transform:
  m_ObjectHideFlags: 1
  m_PrefabParentObject: {fileID: 0}
  m_PrefabInternal: {fileID: 100100000}
  m_GameObject: {fileID: 116958}
  m_LocalRotation: {x: -0.0000004977985, y: -0.000000069092486, z: -0.18244968, w: 0.9832152}
  m_LocalPosition: {x: -0.12738883, y: 0, z: 0.000000008452025}
  m_LocalScale: {x: 1, y: 1, z: 1}
  m_Children:
  - {fileID: 421290}
  m_Father: {fileID: 431936}
  m_RootOrder: 0
  m_LocalEulerAnglesHint: {x: 0, y: 0, z: 0}
--- !u!4 &480542
Transform:
  m_ObjectHideFlags: 1
  m_PrefabParentObject: {fileID: 0}
  m_PrefabInternal: {fileID: 100100000}
  m_GameObject: {fileID: 173542}
  m_LocalRotation: {x: 0.0032456554, y: -0.01841722, z: -0.028418282, w: 0.9994212}
  m_LocalPosition: {x: -0.5933912, y: -0.0000006866455, z: -0.0000004959106}
  m_LocalScale: {x: 1, y: 1, z: 1}
  m_Children: []
  m_Father: {fileID: 435282}
  m_RootOrder: 0
  m_LocalEulerAnglesHint: {x: 0, y: 0, z: 0}
--- !u!4 &482164
Transform:
  m_ObjectHideFlags: 1
  m_PrefabParentObject: {fileID: 0}
  m_PrefabInternal: {fileID: 100100000}
  m_GameObject: {fileID: 172612}
  m_LocalRotation: {x: -0.000000001935068, y: -0.000000015001223, z: -0.12793334,
    w: 0.9917828}
  m_LocalPosition: {x: -0.13622062, y: 0.00000015258789, z: -2.0236257e-13}
  m_LocalScale: {x: 1, y: 1, z: 1}
  m_Children:
  - {fileID: 431578}
  m_Father: {fileID: 492678}
  m_RootOrder: 0
  m_LocalEulerAnglesHint: {x: 0, y: 0, z: 0}
--- !u!4 &482838
Transform:
  m_ObjectHideFlags: 1
  m_PrefabParentObject: {fileID: 0}
  m_PrefabInternal: {fileID: 100100000}
  m_GameObject: {fileID: 190488}
  m_LocalRotation: {x: -0.48839468, y: 0.10474188, z: 0.84708965, w: 0.18149078}
  m_LocalPosition: {x: -0.106825486, y: -0.000000019073486, z: 0.00000001630669}
  m_LocalScale: {x: 1, y: 1, z: 1}
  m_Children:
  - {fileID: 475442}
  m_Father: {fileID: 451098}
  m_RootOrder: 1
  m_LocalEulerAnglesHint: {x: 0, y: 0, z: 0}
--- !u!4 &484008
Transform:
  m_ObjectHideFlags: 1
  m_PrefabParentObject: {fileID: 0}
  m_PrefabInternal: {fileID: 100100000}
  m_GameObject: {fileID: 102756}
  m_LocalRotation: {x: -0.00000191604, y: -0.00000015367087, z: -0.044309486, w: 0.9990179}
  m_LocalPosition: {x: -0.13668014, y: 0.000000076293944, z: 0.000000002592569}
  m_LocalScale: {x: 1.0000002, y: 1.0000002, z: 1}
  m_Children:
  - {fileID: 492696}
  m_Father: {fileID: 421290}
  m_RootOrder: 0
  m_LocalEulerAnglesHint: {x: 0, y: 0, z: 0}
--- !u!4 &484848
Transform:
  m_ObjectHideFlags: 1
  m_PrefabParentObject: {fileID: 0}
  m_PrefabInternal: {fileID: 100100000}
  m_GameObject: {fileID: 129226}
  m_LocalRotation: {x: -0.0000004064973, y: -0.0000005366942, z: -0.28235453, w: 0.9593102}
  m_LocalPosition: {x: -0.17474926, y: 0.00000030517577, z: 5.820766e-13}
  m_LocalScale: {x: 1.0000005, y: 1.0000005, z: 1}
  m_Children:
  - {fileID: 490886}
  - {fileID: 417792}
  - {fileID: 452014}
  - {fileID: 416718}
  m_Father: {fileID: 447436}
  m_RootOrder: 0
  m_LocalEulerAnglesHint: {x: 0, y: 0, z: 0}
--- !u!4 &490344
Transform:
  m_ObjectHideFlags: 1
  m_PrefabParentObject: {fileID: 0}
  m_PrefabInternal: {fileID: 100100000}
  m_GameObject: {fileID: 131896}
  m_LocalRotation: {x: -0.01600338, y: 0.44519815, z: -0.24414931, w: 0.86135566}
  m_LocalPosition: {x: -0.15355937, y: 0.00000045776366, z: 0.000000076293944}
  m_LocalScale: {x: 1.0000001, y: 1.0000001, z: 1}
  m_Children:
  - {fileID: 443630}
  m_Father: {fileID: 478888}
  m_RootOrder: 0
  m_LocalEulerAnglesHint: {x: 0, y: 0, z: 0}
--- !u!4 &490886
Transform:
  m_ObjectHideFlags: 1
  m_PrefabParentObject: {fileID: 0}
  m_PrefabInternal: {fileID: 100100000}
  m_GameObject: {fileID: 115798}
  m_LocalRotation: {x: 0.0000005194949, y: 0.0000022899642, z: -0.59824234, w: 0.80131525}
  m_LocalPosition: {x: -0.17218514, y: 0.000000076293944, z: 0}
  m_LocalScale: {x: 0.99999976, y: 0.99999976, z: 1}
  m_Children:
  - {fileID: 451290}
  m_Father: {fileID: 484848}
  m_RootOrder: 0
  m_LocalEulerAnglesHint: {x: 0, y: 0, z: 0}
--- !u!4 &492678
Transform:
  m_ObjectHideFlags: 1
  m_PrefabParentObject: {fileID: 0}
  m_PrefabInternal: {fileID: 100100000}
  m_GameObject: {fileID: 144542}
  m_LocalRotation: {x: -0.000000006626511, y: -0.00000011565194, z: -0.84581685, w: 0.53347343}
  m_LocalPosition: {x: -0.10682533, y: 0.000000095367426, z: 0.00000001630648}
  m_LocalScale: {x: 1, y: 1, z: 1}
  m_Children:
  - {fileID: 482164}
  m_Father: {fileID: 451098}
  m_RootOrder: 0
  m_LocalEulerAnglesHint: {x: 0, y: 0, z: 0}
--- !u!4 &492696
Transform:
  m_ObjectHideFlags: 1
  m_PrefabParentObject: {fileID: 0}
  m_PrefabInternal: {fileID: 100100000}
  m_GameObject: {fileID: 181948}
  m_LocalRotation: {x: 0.0000009336434, y: -0.00000032224852, z: -0.06908082, w: 0.99761105}
  m_LocalPosition: {x: -0.12079872, y: -0.00000045776366, z: 0.0000000017310958}
  m_LocalScale: {x: 0.9999999, y: 0.9999999, z: 1}
  m_Children:
  - {fileID: 402256}
  m_Father: {fileID: 484008}
  m_RootOrder: 0
  m_LocalEulerAnglesHint: {x: 0, y: 0, z: 0}
--- !u!4 &494292
Transform:
  m_ObjectHideFlags: 1
  m_PrefabParentObject: {fileID: 0}
  m_PrefabInternal: {fileID: 100100000}
  m_GameObject: {fileID: 124496}
  m_LocalRotation: {x: 0.0020037843, y: -0.01722779, z: -0.0071919993, w: 0.9998237}
  m_LocalPosition: {x: -0.5494098, y: -0.000000076293944, z: 0}
  m_LocalScale: {x: 1, y: 1, z: 0.99999994}
  m_Children: []
  m_Father: {fileID: 405170}
  m_RootOrder: 0
  m_LocalEulerAnglesHint: {x: 0, y: 0, z: 0}
--- !u!4 &496070
Transform:
  m_ObjectHideFlags: 1
  m_PrefabParentObject: {fileID: 0}
  m_PrefabInternal: {fileID: 100100000}
  m_GameObject: {fileID: 133446}
  m_LocalRotation: {x: -0.009856556, y: -0.0077488455, z: 0.90730673, w: -0.4202825}
  m_LocalPosition: {x: -0.17742412, y: 0.000000076293944, z: 0.000000038146972}
  m_LocalScale: {x: 1, y: 0.99999994, z: 0.9999999}
  m_Children:
  - {fileID: 458318}
  m_Father: {fileID: 442930}
  m_RootOrder: 0
  m_LocalEulerAnglesHint: {x: 0, y: 0, z: 0}
--- !u!4 &499382
Transform:
  m_ObjectHideFlags: 1
  m_PrefabParentObject: {fileID: 0}
  m_PrefabInternal: {fileID: 100100000}
  m_GameObject: {fileID: 158634}
  m_LocalRotation: {x: 0.001165139, y: -0.0033009613, z: 0.7802339, w: 0.625478}
  m_LocalPosition: {x: -0.6202718, y: 0.002165451, z: 0.000006523132}
  m_LocalScale: {x: 0.99999934, y: 0.99999976, z: 0.9999994}
  m_Children:
  - {fileID: 435282}
  m_Father: {fileID: 444634}
  m_RootOrder: 3
  m_LocalEulerAnglesHint: {x: 0, y: 0, z: 0}
--- !u!4 &499582
Transform:
  m_ObjectHideFlags: 1
  m_PrefabParentObject: {fileID: 0}
  m_PrefabInternal: {fileID: 100100000}
  m_GameObject: {fileID: 145254}
  m_LocalRotation: {x: -0.4728437, y: 0.16476409, z: -0.48629752, w: 0.71609104}
  m_LocalPosition: {x: -0.069522664, y: 0.000000038146972, z: 0.000000019073486}
  m_LocalScale: {x: 1.0000001, y: 1.0000001, z: 1}
  m_Children:
  - {fileID: 400760}
  m_Father: {fileID: 452014}
  m_RootOrder: 0
  m_LocalEulerAnglesHint: {x: 0, y: 0, z: 0}
--- !u!111 &11100646
Animation:
  m_ObjectHideFlags: 1
  m_PrefabParentObject: {fileID: 0}
  m_PrefabInternal: {fileID: 100100000}
  m_GameObject: {fileID: 122084}
  m_Enabled: 1
  serializedVersion: 3
  m_Animation: {fileID: 7400002, guid: a47e003f3f1b3824c895da8cae4de76c, type: 3}
  m_Animations:
  - {fileID: 7400000, guid: a47e003f3f1b3824c895da8cae4de76c, type: 3}
  - {fileID: 7400002, guid: a47e003f3f1b3824c895da8cae4de76c, type: 3}
  - {fileID: 7400006, guid: a47e003f3f1b3824c895da8cae4de76c, type: 3}
  - {fileID: 7400008, guid: a47e003f3f1b3824c895da8cae4de76c, type: 3}
  - {fileID: 7400010, guid: a47e003f3f1b3824c895da8cae4de76c, type: 3}
  - {fileID: 7400012, guid: a47e003f3f1b3824c895da8cae4de76c, type: 3}
  - {fileID: 7400014, guid: a47e003f3f1b3824c895da8cae4de76c, type: 3}
  m_WrapMode: 0
  m_PlayAutomatically: 1
  m_AnimatePhysics: 0
  m_CullingType: 1
--- !u!137 &13702104
SkinnedMeshRenderer:
  m_ObjectHideFlags: 1
  m_PrefabParentObject: {fileID: 0}
  m_PrefabInternal: {fileID: 100100000}
  m_GameObject: {fileID: 110938}
  m_Enabled: 1
  m_CastShadows: 1
  m_ReceiveShadows: 1
  m_DynamicOccludee: 1
  m_MotionVectors: 1
  m_LightProbeUsage: 1
  m_ReflectionProbeUsage: 1
  m_Materials:
  - {fileID: 2100000, guid: e980e432faa1ad04a9d9ebfcbe71ccd4, type: 2}
  m_StaticBatchInfo:
    firstSubMesh: 0
    subMeshCount: 0
  m_StaticBatchRoot: {fileID: 0}
  m_ProbeAnchor: {fileID: 0}
  m_LightProbeVolumeOverride: {fileID: 0}
  m_ScaleInLightmap: 1
  m_PreserveUVs: 0
  m_IgnoreNormalsForChartDetection: 0
  m_ImportantGI: 0
  m_StitchLightmapSeams: 0
  m_SelectedEditorRenderState: 3
  m_MinimumChartSize: 4
  m_AutoUVMaxDistance: 0.5
  m_AutoUVMaxAngle: 89
  m_LightmapParameters: {fileID: 0}
  m_SortingLayerID: 0
  m_SortingLayer: 0
  m_SortingOrder: 0
  serializedVersion: 2
  m_Quality: 0
  m_UpdateWhenOffscreen: 0
  m_SkinnedMotionVectors: 1
  m_Mesh: {fileID: 4300002, guid: a47e003f3f1b3824c895da8cae4de76c, type: 3}
  m_Bones:
  - {fileID: 405170}
  - {fileID: 401718}
  - {fileID: 444634}
  - {fileID: 499382}
  - {fileID: 442930}
  - {fileID: 415984}
  - {fileID: 429036}
  - {fileID: 435282}
  - {fileID: 408068}
  - {fileID: 457474}
  - {fileID: 447072}
  - {fileID: 437018}
  - {fileID: 464454}
  - {fileID: 476246}
  - {fileID: 405750}
  - {fileID: 457100}
  - {fileID: 477182}
  - {fileID: 421922}
  - {fileID: 403844}
  - {fileID: 422612}
  - {fileID: 465964}
  - {fileID: 435748}
  - {fileID: 429284}
  - {fileID: 437718}
  m_BlendShapeWeights: []
  m_RootBone: {fileID: 437718}
  m_AABB:
    m_Center: {x: -0.031439304, y: 0.09115577, z: 0.12850952}
    m_Extent: {x: 1.9705205, y: 1.7692635, z: 1.4799311}
  m_DirtyAABB: 0
--- !u!137 &13733628
SkinnedMeshRenderer:
  m_ObjectHideFlags: 1
  m_PrefabParentObject: {fileID: 0}
  m_PrefabInternal: {fileID: 100100000}
  m_GameObject: {fileID: 149364}
  m_Enabled: 1
  m_CastShadows: 1
  m_ReceiveShadows: 1
  m_DynamicOccludee: 1
  m_MotionVectors: 1
  m_LightProbeUsage: 1
  m_ReflectionProbeUsage: 1
  m_Materials:
  - {fileID: 2100000, guid: ae01c1e3c2645664b83a622218b57b70, type: 2}
  m_StaticBatchInfo:
    firstSubMesh: 0
    subMeshCount: 0
  m_StaticBatchRoot: {fileID: 0}
  m_ProbeAnchor: {fileID: 0}
  m_LightProbeVolumeOverride: {fileID: 0}
  m_ScaleInLightmap: 1
  m_PreserveUVs: 0
  m_IgnoreNormalsForChartDetection: 0
  m_ImportantGI: 0
  m_StitchLightmapSeams: 0
  m_SelectedEditorRenderState: 3
  m_MinimumChartSize: 4
  m_AutoUVMaxDistance: 0.5
  m_AutoUVMaxAngle: 89
  m_LightmapParameters: {fileID: 0}
  m_SortingLayerID: 0
  m_SortingLayer: 0
  m_SortingOrder: 0
  serializedVersion: 2
  m_Quality: 0
  m_UpdateWhenOffscreen: 0
  m_SkinnedMotionVectors: 1
  m_Mesh: {fileID: 4300000, guid: a47e003f3f1b3824c895da8cae4de76c, type: 3}
  m_Bones:
  - {fileID: 416718}
  - {fileID: 451290}
  - {fileID: 404800}
  - {fileID: 484848}
  - {fileID: 438082}
  - {fileID: 499582}
  - {fileID: 490886}
  - {fileID: 447436}
  - {fileID: 420118}
  - {fileID: 417792}
  - {fileID: 431578}
  - {fileID: 482164}
  - {fileID: 437018}
  - {fileID: 474000}
  - {fileID: 447072}
  - {fileID: 492678}
  - {fileID: 475442}
  - {fileID: 431936}
  - {fileID: 490344}
  - {fileID: 482838}
  - {fileID: 480510}
  - {fileID: 421290}
  - {fileID: 484008}
  - {fileID: 492696}
  - {fileID: 402256}
  - {fileID: 478888}
  - {fileID: 454412}
  - {fileID: 442216}
  - {fileID: 438738}
  - {fileID: 477530}
  - {fileID: 444634}
  - {fileID: 401718}
  - {fileID: 499382}
  - {fileID: 415984}
  - {fileID: 429036}
  - {fileID: 442930}
  - {fileID: 405170}
  - {fileID: 494292}
  - {fileID: 435282}
  - {fileID: 480542}
  - {fileID: 408068}
  - {fileID: 457474}
  - {fileID: 423076}
  - {fileID: 470862}
  - {fileID: 496070}
  - {fileID: 458318}
  - {fileID: 452014}
  - {fileID: 437718}
  - {fileID: 400760}
  - {fileID: 429284}
  - {fileID: 443630}
  - {fileID: 404634}
  - {fileID: 474956}
  - {fileID: 413020}
  - {fileID: 405750}
  - {fileID: 464454}
  - {fileID: 477182}
  - {fileID: 421922}
  - {fileID: 403844}
  - {fileID: 457100}
  - {fileID: 476246}
  - {fileID: 424496}
  - {fileID: 422612}
  - {fileID: 410580}
  - {fileID: 465964}
  - {fileID: 435748}
  - {fileID: 478382}
  - {fileID: 418782}
  - {fileID: 464228}
  - {fileID: 424042}
  m_BlendShapeWeights: []
  m_RootBone: {fileID: 492678}
  m_AABB:
    m_Center: {x: -0.56030494, y: 0.50546134, z: 0.056203485}
    m_Extent: {x: 1.5497773, y: 1.6339864, z: 2.1498294}
  m_DirtyAABB: 0
--- !u!1001 &100100000
Prefab:
  m_ObjectHideFlags: 1
  serializedVersion: 2
  m_Modification:
    m_TransformParent: {fileID: 0}
    m_Modifications: []
    m_RemovedComponents: []
  m_ParentPrefab: {fileID: 0}
  m_RootGameObject: {fileID: 122084}
  m_IsPrefabParent: 1
