%YAML 1.1
%TAG !u! tag:unity3d.com,2011:
--- !u!1001 &100100000
Prefab:
  m_ObjectHideFlags: 1
  serializedVersion: 2
  m_Modification:
    m_TransformParent: {fileID: 0}
    m_Modifications: []
    m_RemovedComponents: []
  m_ParentPrefab: {fileID: 0}
  m_RootGameObject: {fileID: 1178702391594520}
  m_IsPrefabParent: 1
--- !u!1 &1038621358124150
GameObject:
  m_ObjectHideFlags: 1
  m_PrefabParentObject: {fileID: 0}
  m_PrefabInternal: {fileID: 100100000}
  serializedVersion: 5
  m_Component:
  - component: {fileID: 4158235804126256}
  m_Layer: 0
  m_Name: bat_wing(LEFT)13
  m_TagString: Untagged
  m_Icon: {fileID: 0}
  m_NavMeshLayer: 0
  m_StaticEditorFlags: 0
  m_IsActive: 1
--- !u!1 &1078438183158876
GameObject:
  m_ObjectHideFlags: 0
  m_PrefabParentObject: {fileID: 0}
  m_PrefabInternal: {fileID: 100100000}
  serializedVersion: 5
  m_Component:
  - component: {fileID: 4460637038437784}
  m_Layer: 0
  m_Name: GameObject
  m_TagString: Untagged
  m_Icon: {fileID: 0}
  m_NavMeshLayer: 0
  m_StaticEditorFlags: 0
  m_IsActive: 1
--- !u!1 &1079449527751314
GameObject:
  m_ObjectHideFlags: 1
  m_PrefabParentObject: {fileID: 0}
  m_PrefabInternal: {fileID: 100100000}
  serializedVersion: 5
  m_Component:
  - component: {fileID: 4308077740449460}
  m_Layer: 0
  m_Name: bat_tail00
  m_TagString: Untagged
  m_Icon: {fileID: 0}
  m_NavMeshLayer: 0
  m_StaticEditorFlags: 0
  m_IsActive: 1
--- !u!1 &1084248696168354
GameObject:
  m_ObjectHideFlags: 1
  m_PrefabParentObject: {fileID: 0}
  m_PrefabInternal: {fileID: 100100000}
  serializedVersion: 5
  m_Component:
  - component: {fileID: 4857819255713296}
  m_Layer: 0
  m_Name: bat_bones08
  m_TagString: Untagged
  m_Icon: {fileID: 0}
  m_NavMeshLayer: 0
  m_StaticEditorFlags: 0
  m_IsActive: 1
--- !u!1 &1099913909153778
GameObject:
  m_ObjectHideFlags: 1
  m_PrefabParentObject: {fileID: 0}
  m_PrefabInternal: {fileID: 100100000}
  serializedVersion: 5
  m_Component:
  - component: {fileID: 4923602962508380}
  m_Layer: 0
  m_Name: bat_wing(LEFT)07
  m_TagString: Untagged
  m_Icon: {fileID: 0}
  m_NavMeshLayer: 0
  m_StaticEditorFlags: 0
  m_IsActive: 1
--- !u!1 &1102008133912228
GameObject:
  m_ObjectHideFlags: 1
  m_PrefabParentObject: {fileID: 0}
  m_PrefabInternal: {fileID: 100100000}
  serializedVersion: 5
  m_Component:
  - component: {fileID: 4641541314741362}
  m_Layer: 0
  m_Name: bat_bones10
  m_TagString: Untagged
  m_Icon: {fileID: 0}
  m_NavMeshLayer: 0
  m_StaticEditorFlags: 0
  m_IsActive: 1
--- !u!1 &1119848653059526
GameObject:
  m_ObjectHideFlags: 1
  m_PrefabParentObject: {fileID: 0}
  m_PrefabInternal: {fileID: 100100000}
  serializedVersion: 5
  m_Component:
  - component: {fileID: 4076611305650560}
  m_Layer: 0
  m_Name: bat_foot(LEFT)
  m_TagString: Untagged
  m_Icon: {fileID: 0}
  m_NavMeshLayer: 0
  m_StaticEditorFlags: 0
  m_IsActive: 1
--- !u!1 &1129259112296600
GameObject:
  m_ObjectHideFlags: 1
  m_PrefabParentObject: {fileID: 0}
  m_PrefabInternal: {fileID: 100100000}
  serializedVersion: 5
  m_Component:
  - component: {fileID: 4236331244863398}
  m_Layer: 0
  m_Name: bat_wing(LEFT)16
  m_TagString: Untagged
  m_Icon: {fileID: 0}
  m_NavMeshLayer: 0
  m_StaticEditorFlags: 0
  m_IsActive: 1
--- !u!1 &1160944993015664
GameObject:
  m_ObjectHideFlags: 1
  m_PrefabParentObject: {fileID: 0}
  m_PrefabInternal: {fileID: 100100000}
  serializedVersion: 5
  m_Component:
  - component: {fileID: 4457438020875002}
  m_Layer: 0
  m_Name: bat_end(RIGHT)01
  m_TagString: Untagged
  m_Icon: {fileID: 0}
  m_NavMeshLayer: 0
  m_StaticEditorFlags: 0
  m_IsActive: 1
--- !u!1 &1173269286197694
GameObject:
  m_ObjectHideFlags: 1
  m_PrefabParentObject: {fileID: 0}
  m_PrefabInternal: {fileID: 100100000}
  serializedVersion: 5
  m_Component:
  - component: {fileID: 4229388392505362}
  m_Layer: 0
  m_Name: bat_tail02
  m_TagString: Untagged
  m_Icon: {fileID: 0}
  m_NavMeshLayer: 0
  m_StaticEditorFlags: 0
  m_IsActive: 1
--- !u!1 &1173932971214120
GameObject:
  m_ObjectHideFlags: 1
  m_PrefabParentObject: {fileID: 0}
  m_PrefabInternal: {fileID: 100100000}
  serializedVersion: 5
  m_Component:
  - component: {fileID: 4785403077086904}
  - component: {fileID: 137905906881597894}
  - component: {fileID: 65948659737169658}
  m_Layer: 0
  m_Name: bat wings
  m_TagString: Special_Zombie
  m_Icon: {fileID: 0}
  m_NavMeshLayer: 0
  m_StaticEditorFlags: 0
  m_IsActive: 1
--- !u!1 &1178702391594520
GameObject:
  m_ObjectHideFlags: 0
  m_PrefabParentObject: {fileID: 0}
  m_PrefabInternal: {fileID: 100100000}
  serializedVersion: 5
  m_Component:
  - component: {fileID: 4990100266111084}
  - component: {fileID: 95957049167139508}
  - component: {fileID: 114067275979915792}
  - component: {fileID: 114046366885218778}
  m_Layer: 0
  m_Name: VampireBat
  m_TagString: Untagged
  m_Icon: {fileID: 0}
  m_NavMeshLayer: 0
  m_StaticEditorFlags: 0
  m_IsActive: 1
--- !u!1 &1185463465500406
GameObject:
  m_ObjectHideFlags: 1
  m_PrefabParentObject: {fileID: 0}
  m_PrefabInternal: {fileID: 100100000}
  serializedVersion: 5
  m_Component:
  - component: {fileID: 4164075124303822}
  m_Layer: 0
  m_Name: bat_tail03
  m_TagString: Untagged
  m_Icon: {fileID: 0}
  m_NavMeshLayer: 0
  m_StaticEditorFlags: 0
  m_IsActive: 1
--- !u!1 &1186147894069788
GameObject:
  m_ObjectHideFlags: 1
  m_PrefabParentObject: {fileID: 0}
  m_PrefabInternal: {fileID: 100100000}
  serializedVersion: 5
  m_Component:
  - component: {fileID: 4462729747687664}
  m_Layer: 0
  m_Name: bat_ear(RIGHT)01
  m_TagString: Untagged
  m_Icon: {fileID: 0}
  m_NavMeshLayer: 0
  m_StaticEditorFlags: 0
  m_IsActive: 1
--- !u!1 &1193639123883210
GameObject:
  m_ObjectHideFlags: 1
  m_PrefabParentObject: {fileID: 0}
  m_PrefabInternal: {fileID: 100100000}
  serializedVersion: 5
  m_Component:
  - component: {fileID: 4878623857778342}
  m_Layer: 0
  m_Name: bat_leg(LEFT)01
  m_TagString: Untagged
  m_Icon: {fileID: 0}
  m_NavMeshLayer: 0
  m_StaticEditorFlags: 0
  m_IsActive: 1
--- !u!1 &1202487095220354
GameObject:
  m_ObjectHideFlags: 1
  m_PrefabParentObject: {fileID: 0}
  m_PrefabInternal: {fileID: 100100000}
  serializedVersion: 5
  m_Component:
  - component: {fileID: 4182364817116346}
  m_Layer: 0
  m_Name: bat_leg(LEFT)00
  m_TagString: Untagged
  m_Icon: {fileID: 0}
  m_NavMeshLayer: 0
  m_StaticEditorFlags: 0
  m_IsActive: 1
--- !u!1 &1233391155909986
GameObject:
  m_ObjectHideFlags: 1
  m_PrefabParentObject: {fileID: 0}
  m_PrefabInternal: {fileID: 100100000}
  serializedVersion: 5
  m_Component:
  - component: {fileID: 4712540747825468}
  - component: {fileID: 137451206642982370}
  - component: {fileID: 65264778129700700}
  m_Layer: 0
  m_Name: Vampire_bat_mesh
  m_TagString: Special_Zombie
  m_Icon: {fileID: 0}
  m_NavMeshLayer: 0
  m_StaticEditorFlags: 0
  m_IsActive: 1
--- !u!1 &1234931577767814
GameObject:
  m_ObjectHideFlags: 1
  m_PrefabParentObject: {fileID: 0}
  m_PrefabInternal: {fileID: 100100000}
  serializedVersion: 5
  m_Component:
  - component: {fileID: 4190564331723308}
  m_Layer: 0
  m_Name: bat_wing(LEFT)04
  m_TagString: Untagged
  m_Icon: {fileID: 0}
  m_NavMeshLayer: 0
  m_StaticEditorFlags: 0
  m_IsActive: 1
--- !u!1 &1240007576973010
GameObject:
  m_ObjectHideFlags: 1
  m_PrefabParentObject: {fileID: 0}
  m_PrefabInternal: {fileID: 100100000}
  serializedVersion: 5
  m_Component:
  - component: {fileID: 4517212501665372}
  m_Layer: 0
  m_Name: bat_wing(RIGHT)00
  m_TagString: Untagged
  m_Icon: {fileID: 0}
  m_NavMeshLayer: 0
  m_StaticEditorFlags: 0
  m_IsActive: 1
--- !u!1 &1249638120521254
GameObject:
  m_ObjectHideFlags: 1
  m_PrefabParentObject: {fileID: 0}
  m_PrefabInternal: {fileID: 100100000}
  serializedVersion: 5
  m_Component:
  - component: {fileID: 4458758090046048}
  m_Layer: 0
  m_Name: bat_end(RIGHT)03
  m_TagString: Untagged
  m_Icon: {fileID: 0}
  m_NavMeshLayer: 0
  m_StaticEditorFlags: 0
  m_IsActive: 1
--- !u!1 &1259479790568994
GameObject:
  m_ObjectHideFlags: 1
  m_PrefabParentObject: {fileID: 0}
  m_PrefabInternal: {fileID: 100100000}
  serializedVersion: 5
  m_Component:
  - component: {fileID: 4942821280387442}
  m_Layer: 0
  m_Name: bat_leg(RIGHT)01
  m_TagString: Untagged
  m_Icon: {fileID: 0}
  m_NavMeshLayer: 0
  m_StaticEditorFlags: 0
  m_IsActive: 1
--- !u!1 &1265489288461340
GameObject:
  m_ObjectHideFlags: 1
  m_PrefabParentObject: {fileID: 0}
  m_PrefabInternal: {fileID: 100100000}
  serializedVersion: 5
  m_Component:
  - component: {fileID: 4169362814899594}
  m_Layer: 0
  m_Name: bat_wing(RIGHT)15
  m_TagString: Untagged
  m_Icon: {fileID: 0}
  m_NavMeshLayer: 0
  m_StaticEditorFlags: 0
  m_IsActive: 1
--- !u!1 &1313444420882342
GameObject:
  m_ObjectHideFlags: 1
  m_PrefabParentObject: {fileID: 0}
  m_PrefabInternal: {fileID: 100100000}
  serializedVersion: 5
  m_Component:
  - component: {fileID: 4728326313264988}
  m_Layer: 0
  m_Name: bat_end(RIGHT)04
  m_TagString: Untagged
  m_Icon: {fileID: 0}
  m_NavMeshLayer: 0
  m_StaticEditorFlags: 0
  m_IsActive: 1
--- !u!1 &1325691127114088
GameObject:
  m_ObjectHideFlags: 1
  m_PrefabParentObject: {fileID: 0}
  m_PrefabInternal: {fileID: 100100000}
  serializedVersion: 5
  m_Component:
  - component: {fileID: 4451048826434150}
  m_Layer: 0
  m_Name: bat_wing(RIGHT)13
  m_TagString: Untagged
  m_Icon: {fileID: 0}
  m_NavMeshLayer: 0
  m_StaticEditorFlags: 0
  m_IsActive: 1
--- !u!1 &1340238330783868
GameObject:
  m_ObjectHideFlags: 1
  m_PrefabParentObject: {fileID: 0}
  m_PrefabInternal: {fileID: 100100000}
  serializedVersion: 5
  m_Component:
  - component: {fileID: 4207017460547984}
  m_Layer: 0
  m_Name: bat_leg(RIGHT)02
  m_TagString: Untagged
  m_Icon: {fileID: 0}
  m_NavMeshLayer: 0
  m_StaticEditorFlags: 0
  m_IsActive: 1
--- !u!1 &1348134989903998
GameObject:
  m_ObjectHideFlags: 1
  m_PrefabParentObject: {fileID: 0}
  m_PrefabInternal: {fileID: 100100000}
  serializedVersion: 5
  m_Component:
  - component: {fileID: 4939232850990808}
  m_Layer: 0
  m_Name: bat_bones09
  m_TagString: Untagged
  m_Icon: {fileID: 0}
  m_NavMeshLayer: 0
  m_StaticEditorFlags: 0
  m_IsActive: 1
--- !u!1 &1351412054860502
GameObject:
  m_ObjectHideFlags: 1
  m_PrefabParentObject: {fileID: 0}
  m_PrefabInternal: {fileID: 100100000}
  serializedVersion: 5
  m_Component:
  - component: {fileID: 4580354752958500}
  m_Layer: 0
  m_Name: bat_bones07
  m_TagString: Untagged
  m_Icon: {fileID: 0}
  m_NavMeshLayer: 0
  m_StaticEditorFlags: 0
  m_IsActive: 1
--- !u!1 &1380410512430738
GameObject:
  m_ObjectHideFlags: 1
  m_PrefabParentObject: {fileID: 0}
  m_PrefabInternal: {fileID: 100100000}
  serializedVersion: 5
  m_Component:
  - component: {fileID: 4157112017410140}
  m_Layer: 0
  m_Name: bat_wing(RIGHT)02
  m_TagString: Untagged
  m_Icon: {fileID: 0}
  m_NavMeshLayer: 0
  m_StaticEditorFlags: 0
  m_IsActive: 1
--- !u!1 &1393943125769542
GameObject:
  m_ObjectHideFlags: 1
  m_PrefabParentObject: {fileID: 0}
  m_PrefabInternal: {fileID: 100100000}
  serializedVersion: 5
  m_Component:
  - component: {fileID: 4658059880232064}
  m_Layer: 0
  m_Name: bat_end(RIGHT)00
  m_TagString: Untagged
  m_Icon: {fileID: 0}
  m_NavMeshLayer: 0
  m_StaticEditorFlags: 0
  m_IsActive: 1
--- !u!1 &1402222808802360
GameObject:
  m_ObjectHideFlags: 1
  m_PrefabParentObject: {fileID: 0}
  m_PrefabInternal: {fileID: 100100000}
  serializedVersion: 5
  m_Component:
  - component: {fileID: 4888013066303132}
  m_Layer: 0
  m_Name: bat_end(RIGHT)07
  m_TagString: Untagged
  m_Icon: {fileID: 0}
  m_NavMeshLayer: 0
  m_StaticEditorFlags: 0
  m_IsActive: 1
--- !u!1 &1406605833042830
GameObject:
  m_ObjectHideFlags: 1
  m_PrefabParentObject: {fileID: 0}
  m_PrefabInternal: {fileID: 100100000}
  serializedVersion: 5
  m_Component:
  - component: {fileID: 4948620423671318}
  m_Layer: 0
  m_Name: bat_wing(RIGHT)07
  m_TagString: Untagged
  m_Icon: {fileID: 0}
  m_NavMeshLayer: 0
  m_StaticEditorFlags: 0
  m_IsActive: 1
--- !u!1 &1406685482265460
GameObject:
  m_ObjectHideFlags: 1
  m_PrefabParentObject: {fileID: 0}
  m_PrefabInternal: {fileID: 100100000}
  serializedVersion: 5
  m_Component:
  - component: {fileID: 4863690667275236}
  m_Layer: 0
  m_Name: bat_bones14
  m_TagString: Untagged
  m_Icon: {fileID: 0}
  m_NavMeshLayer: 0
  m_StaticEditorFlags: 0
  m_IsActive: 1
--- !u!1 &1422820285328264
GameObject:
  m_ObjectHideFlags: 1
  m_PrefabParentObject: {fileID: 0}
  m_PrefabInternal: {fileID: 100100000}
  serializedVersion: 5
  m_Component:
  - component: {fileID: 4162527046813180}
  m_Layer: 0
  m_Name: bat_mandible
  m_TagString: Untagged
  m_Icon: {fileID: 0}
  m_NavMeshLayer: 0
  m_StaticEditorFlags: 0
  m_IsActive: 1
--- !u!1 &1431599721067308
GameObject:
  m_ObjectHideFlags: 1
  m_PrefabParentObject: {fileID: 0}
  m_PrefabInternal: {fileID: 100100000}
  serializedVersion: 5
  m_Component:
  - component: {fileID: 4827648162408724}
  m_Layer: 0
  m_Name: bat_leg(LEFT)03
  m_TagString: Untagged
  m_Icon: {fileID: 0}
  m_NavMeshLayer: 0
  m_StaticEditorFlags: 0
  m_IsActive: 1
--- !u!1 &1449377684547500
GameObject:
  m_ObjectHideFlags: 1
  m_PrefabParentObject: {fileID: 0}
  m_PrefabInternal: {fileID: 100100000}
  serializedVersion: 5
  m_Component:
  - component: {fileID: 4634628623370502}
  m_Layer: 0
  m_Name: bat_wing(RIGHT)12
  m_TagString: Untagged
  m_Icon: {fileID: 0}
  m_NavMeshLayer: 0
  m_StaticEditorFlags: 0
  m_IsActive: 1
--- !u!1 &1465487022058480
GameObject:
  m_ObjectHideFlags: 1
  m_PrefabParentObject: {fileID: 0}
  m_PrefabInternal: {fileID: 100100000}
  serializedVersion: 5
  m_Component:
  - component: {fileID: 4315430641884022}
  m_Layer: 0
  m_Name: bat_base
  m_TagString: Untagged
  m_Icon: {fileID: 0}
  m_NavMeshLayer: 0
  m_StaticEditorFlags: 0
  m_IsActive: 1
--- !u!1 &1466569733627970
GameObject:
  m_ObjectHideFlags: 1
  m_PrefabParentObject: {fileID: 0}
  m_PrefabInternal: {fileID: 100100000}
  serializedVersion: 5
  m_Component:
  - component: {fileID: 4667576868928878}
  m_Layer: 0
  m_Name: bat_wing(LEFT)10
  m_TagString: Untagged
  m_Icon: {fileID: 0}
  m_NavMeshLayer: 0
  m_StaticEditorFlags: 0
  m_IsActive: 1
--- !u!1 &1469679123670102
GameObject:
  m_ObjectHideFlags: 1
  m_PrefabParentObject: {fileID: 0}
  m_PrefabInternal: {fileID: 100100000}
  serializedVersion: 5
  m_Component:
  - component: {fileID: 4402784036362768}
  m_Layer: 0
  m_Name: bat_wing(RIGHT)06
  m_TagString: Untagged
  m_Icon: {fileID: 0}
  m_NavMeshLayer: 0
  m_StaticEditorFlags: 0
  m_IsActive: 1
--- !u!1 &1488037234568442
GameObject:
  m_ObjectHideFlags: 1
  m_PrefabParentObject: {fileID: 0}
  m_PrefabInternal: {fileID: 100100000}
  serializedVersion: 5
  m_Component:
  - component: {fileID: 4700106730134928}
  m_Layer: 0
  m_Name: bat_neck
  m_TagString: Untagged
  m_Icon: {fileID: 0}
  m_NavMeshLayer: 0
  m_StaticEditorFlags: 0
  m_IsActive: 1
--- !u!1 &1493599369660052
GameObject:
  m_ObjectHideFlags: 1
  m_PrefabParentObject: {fileID: 0}
  m_PrefabInternal: {fileID: 100100000}
  serializedVersion: 5
  m_Component:
  - component: {fileID: 4724416744583964}
  m_Layer: 0
  m_Name: bat_control27
  m_TagString: Untagged
  m_Icon: {fileID: 0}
  m_NavMeshLayer: 0
  m_StaticEditorFlags: 0
  m_IsActive: 1
--- !u!1 &1494376657718428
GameObject:
  m_ObjectHideFlags: 1
  m_PrefabParentObject: {fileID: 0}
  m_PrefabInternal: {fileID: 100100000}
  serializedVersion: 5
  m_Component:
  - component: {fileID: 4877068907574166}
  m_Layer: 0
  m_Name: bat_wing(LEFT)06
  m_TagString: Untagged
  m_Icon: {fileID: 0}
  m_NavMeshLayer: 0
  m_StaticEditorFlags: 0
  m_IsActive: 1
--- !u!1 &1524409528360578
GameObject:
  m_ObjectHideFlags: 1
  m_PrefabParentObject: {fileID: 0}
  m_PrefabInternal: {fileID: 100100000}
  serializedVersion: 5
  m_Component:
  - component: {fileID: 4880765933687940}
  m_Layer: 0
  m_Name: bat_wing(LEFT)01
  m_TagString: Untagged
  m_Icon: {fileID: 0}
  m_NavMeshLayer: 0
  m_StaticEditorFlags: 0
  m_IsActive: 1
--- !u!1 &1547549611429722
GameObject:
  m_ObjectHideFlags: 1
  m_PrefabParentObject: {fileID: 0}
  m_PrefabInternal: {fileID: 100100000}
  serializedVersion: 5
  m_Component:
  - component: {fileID: 4404772362464148}
  m_Layer: 0
  m_Name: bat_wing(LEFT)02
  m_TagString: Untagged
  m_Icon: {fileID: 0}
  m_NavMeshLayer: 0
  m_StaticEditorFlags: 0
  m_IsActive: 1
--- !u!1 &1559883681489384
GameObject:
  m_ObjectHideFlags: 1
  m_PrefabParentObject: {fileID: 0}
  m_PrefabInternal: {fileID: 100100000}
  serializedVersion: 5
  m_Component:
  - component: {fileID: 4626940731439178}
  m_Layer: 0
  m_Name: bat_wing(RIGHT)01
  m_TagString: Untagged
  m_Icon: {fileID: 0}
  m_NavMeshLayer: 0
  m_StaticEditorFlags: 0
  m_IsActive: 1
--- !u!1 &1561672189119124
GameObject:
  m_ObjectHideFlags: 1
  m_PrefabParentObject: {fileID: 0}
  m_PrefabInternal: {fileID: 100100000}
  serializedVersion: 5
  m_Component:
  - component: {fileID: 4588462605114690}
  m_Layer: 0
  m_Name: bat_ear(LEFT)01
  m_TagString: Untagged
  m_Icon: {fileID: 0}
  m_NavMeshLayer: 0
  m_StaticEditorFlags: 0
  m_IsActive: 1
--- !u!1 &1566622431456494
GameObject:
  m_ObjectHideFlags: 1
  m_PrefabParentObject: {fileID: 0}
  m_PrefabInternal: {fileID: 100100000}
  serializedVersion: 5
  m_Component:
  - component: {fileID: 4206039607635218}
  m_Layer: 0
  m_Name: bat_end(RIGHT)02
  m_TagString: Untagged
  m_Icon: {fileID: 0}
  m_NavMeshLayer: 0
  m_StaticEditorFlags: 0
  m_IsActive: 1
--- !u!1 &1573517055373062
GameObject:
  m_ObjectHideFlags: 1
  m_PrefabParentObject: {fileID: 0}
  m_PrefabInternal: {fileID: 100100000}
  serializedVersion: 5
  m_Component:
  - component: {fileID: 4301064155502144}
  m_Layer: 0
  m_Name: bat_wing(LEFT)00
  m_TagString: Untagged
  m_Icon: {fileID: 0}
  m_NavMeshLayer: 0
  m_StaticEditorFlags: 0
  m_IsActive: 1
--- !u!1 &1586332576767214
GameObject:
  m_ObjectHideFlags: 1
  m_PrefabParentObject: {fileID: 0}
  m_PrefabInternal: {fileID: 100100000}
  serializedVersion: 5
  m_Component:
  - component: {fileID: 4249444943809700}
  m_Layer: 0
  m_Name: bat_end(RIGHT)15
  m_TagString: Untagged
  m_Icon: {fileID: 0}
  m_NavMeshLayer: 0
  m_StaticEditorFlags: 0
  m_IsActive: 1
--- !u!1 &1589846952073154
GameObject:
  m_ObjectHideFlags: 1
  m_PrefabParentObject: {fileID: 0}
  m_PrefabInternal: {fileID: 100100000}
  serializedVersion: 5
  m_Component:
  - component: {fileID: 4702651190980004}
  m_Layer: 0
  m_Name: bat_end(RIGHT)05
  m_TagString: Untagged
  m_Icon: {fileID: 0}
  m_NavMeshLayer: 0
  m_StaticEditorFlags: 0
  m_IsActive: 1
--- !u!1 &1603626198228162
GameObject:
  m_ObjectHideFlags: 1
  m_PrefabParentObject: {fileID: 0}
  m_PrefabInternal: {fileID: 100100000}
  serializedVersion: 5
  m_Component:
  - component: {fileID: 4427633994699234}
  m_Layer: 0
  m_Name: bat_end(RIGHT)09
  m_TagString: Untagged
  m_Icon: {fileID: 0}
  m_NavMeshLayer: 0
  m_StaticEditorFlags: 0
  m_IsActive: 1
--- !u!1 &1622122726974270
GameObject:
  m_ObjectHideFlags: 1
  m_PrefabParentObject: {fileID: 0}
  m_PrefabInternal: {fileID: 100100000}
  serializedVersion: 5
  m_Component:
  - component: {fileID: 4057015723787812}
  m_Layer: 0
  m_Name: bat_wing(LEFT)15
  m_TagString: Untagged
  m_Icon: {fileID: 0}
  m_NavMeshLayer: 0
  m_StaticEditorFlags: 0
  m_IsActive: 1
--- !u!1 &1627573946962488
GameObject:
  m_ObjectHideFlags: 1
  m_PrefabParentObject: {fileID: 0}
  m_PrefabInternal: {fileID: 100100000}
  serializedVersion: 5
  m_Component:
  - component: {fileID: 4371242821652420}
  m_Layer: 0
  m_Name: bat_wing(RIGHT)03
  m_TagString: Untagged
  m_Icon: {fileID: 0}
  m_NavMeshLayer: 0
  m_StaticEditorFlags: 0
  m_IsActive: 1
--- !u!1 &1641436629100590
GameObject:
  m_ObjectHideFlags: 1
  m_PrefabParentObject: {fileID: 0}
  m_PrefabInternal: {fileID: 100100000}
  serializedVersion: 5
  m_Component:
  - component: {fileID: 4455875315910052}
  m_Layer: 0
  m_Name: bat_end(RIGHT)13
  m_TagString: Untagged
  m_Icon: {fileID: 0}
  m_NavMeshLayer: 0
  m_StaticEditorFlags: 0
  m_IsActive: 1
--- !u!1 &1642478921480214
GameObject:
  m_ObjectHideFlags: 1
  m_PrefabParentObject: {fileID: 0}
  m_PrefabInternal: {fileID: 100100000}
  serializedVersion: 5
  m_Component:
  - component: {fileID: 4218933267235264}
  m_Layer: 0
  m_Name: bat_wing(LEFT)09
  m_TagString: Untagged
  m_Icon: {fileID: 0}
  m_NavMeshLayer: 0
  m_StaticEditorFlags: 0
  m_IsActive: 1
--- !u!1 &1656928406173940
GameObject:
  m_ObjectHideFlags: 1
  m_PrefabParentObject: {fileID: 0}
  m_PrefabInternal: {fileID: 100100000}
  serializedVersion: 5
  m_Component:
  - component: {fileID: 4022529184149874}
  m_Layer: 0
  m_Name: bat_end(RIGHT)14
  m_TagString: Untagged
  m_Icon: {fileID: 0}
  m_NavMeshLayer: 0
  m_StaticEditorFlags: 0
  m_IsActive: 1
--- !u!1 &1674116072625238
GameObject:
  m_ObjectHideFlags: 1
  m_PrefabParentObject: {fileID: 0}
  m_PrefabInternal: {fileID: 100100000}
  serializedVersion: 5
  m_Component:
  - component: {fileID: 4062917780282208}
  m_Layer: 0
  m_Name: bat_tail04
  m_TagString: Untagged
  m_Icon: {fileID: 0}
  m_NavMeshLayer: 0
  m_StaticEditorFlags: 0
  m_IsActive: 1
--- !u!1 &1702631602457196
GameObject:
  m_ObjectHideFlags: 1
  m_PrefabParentObject: {fileID: 0}
  m_PrefabInternal: {fileID: 100100000}
  serializedVersion: 5
  m_Component:
  - component: {fileID: 4468692272376520}
  m_Layer: 0
  m_Name: bat_end(RIGHT)06
  m_TagString: Untagged
  m_Icon: {fileID: 0}
  m_NavMeshLayer: 0
  m_StaticEditorFlags: 0
  m_IsActive: 1
--- !u!1 &1721937975383076
GameObject:
  m_ObjectHideFlags: 1
  m_PrefabParentObject: {fileID: 0}
  m_PrefabInternal: {fileID: 100100000}
  serializedVersion: 5
  m_Component:
  - component: {fileID: 4574304075575584}
  m_Layer: 0
  m_Name: bat_wing(RIGHT)16
  m_TagString: Untagged
  m_Icon: {fileID: 0}
  m_NavMeshLayer: 0
  m_StaticEditorFlags: 0
  m_IsActive: 1
--- !u!1 &1738295612805784
GameObject:
  m_ObjectHideFlags: 1
  m_PrefabParentObject: {fileID: 0}
  m_PrefabInternal: {fileID: 100100000}
  serializedVersion: 5
  m_Component:
  - component: {fileID: 4335866709663684}
  m_Layer: 0
  m_Name: bat_wing(LEFT)03
  m_TagString: Untagged
  m_Icon: {fileID: 0}
  m_NavMeshLayer: 0
  m_StaticEditorFlags: 0
  m_IsActive: 1
--- !u!1 &1751916712568532
GameObject:
  m_ObjectHideFlags: 1
  m_PrefabParentObject: {fileID: 0}
  m_PrefabInternal: {fileID: 100100000}
  serializedVersion: 5
  m_Component:
  - component: {fileID: 4791420080254586}
  m_Layer: 0
  m_Name: bat_wing(LEFT)12
  m_TagString: Untagged
  m_Icon: {fileID: 0}
  m_NavMeshLayer: 0
  m_StaticEditorFlags: 0
  m_IsActive: 1
--- !u!1 &1759703550896598
GameObject:
  m_ObjectHideFlags: 1
  m_PrefabParentObject: {fileID: 0}
  m_PrefabInternal: {fileID: 100100000}
  serializedVersion: 5
  m_Component:
  - component: {fileID: 4024024966463254}
  m_Layer: 0
  m_Name: bat_foot(RIGHT)
  m_TagString: Untagged
  m_Icon: {fileID: 0}
  m_NavMeshLayer: 0
  m_StaticEditorFlags: 0
  m_IsActive: 1
--- !u!1 &1778545440951410
GameObject:
  m_ObjectHideFlags: 1
  m_PrefabParentObject: {fileID: 0}
  m_PrefabInternal: {fileID: 100100000}
  serializedVersion: 5
  m_Component:
  - component: {fileID: 4924550406069478}
  m_Layer: 0
  m_Name: bat_wing(RIGHT)04
  m_TagString: Untagged
  m_Icon: {fileID: 0}
  m_NavMeshLayer: 0
  m_StaticEditorFlags: 0
  m_IsActive: 1
--- !u!1 &1784156314756650
GameObject:
  m_ObjectHideFlags: 1
  m_PrefabParentObject: {fileID: 0}
  m_PrefabInternal: {fileID: 100100000}
  serializedVersion: 5
  m_Component:
  - component: {fileID: 4201837413062100}
  m_Layer: 0
  m_Name: bat_end(RIGHT)16
  m_TagString: Untagged
  m_Icon: {fileID: 0}
  m_NavMeshLayer: 0
  m_StaticEditorFlags: 0
  m_IsActive: 1
--- !u!1 &1785860334287758
GameObject:
  m_ObjectHideFlags: 1
  m_PrefabParentObject: {fileID: 0}
  m_PrefabInternal: {fileID: 100100000}
  serializedVersion: 5
  m_Component:
  - component: {fileID: 4641640019797052}
  m_Layer: 0
  m_Name: bat_leg(LEFT)02
  m_TagString: Untagged
  m_Icon: {fileID: 0}
  m_NavMeshLayer: 0
  m_StaticEditorFlags: 0
  m_IsActive: 1
--- !u!1 &1817889224696712
GameObject:
  m_ObjectHideFlags: 1
  m_PrefabParentObject: {fileID: 0}
  m_PrefabInternal: {fileID: 100100000}
  serializedVersion: 5
  m_Component:
  - component: {fileID: 4614081217833502}
  m_Layer: 0
  m_Name: bat_leg(RIGHT)03
  m_TagString: Untagged
  m_Icon: {fileID: 0}
  m_NavMeshLayer: 0
  m_StaticEditorFlags: 0
  m_IsActive: 1
--- !u!1 &1827904252788338
GameObject:
  m_ObjectHideFlags: 1
  m_PrefabParentObject: {fileID: 0}
  m_PrefabInternal: {fileID: 100100000}
  serializedVersion: 5
  m_Component:
  - component: {fileID: 4055446325963824}
  m_Layer: 0
  m_Name: bat_wing(RIGHT)10
  m_TagString: Untagged
  m_Icon: {fileID: 0}
  m_NavMeshLayer: 0
  m_StaticEditorFlags: 0
  m_IsActive: 1
--- !u!1 &1840015248148170
GameObject:
  m_ObjectHideFlags: 1
  m_PrefabParentObject: {fileID: 0}
  m_PrefabInternal: {fileID: 100100000}
  serializedVersion: 5
  m_Component:
  - component: {fileID: 4672082551494182}
  m_Layer: 0
  m_Name: bat_head
  m_TagString: Untagged
  m_Icon: {fileID: 0}
  m_NavMeshLayer: 0
  m_StaticEditorFlags: 0
  m_IsActive: 1
--- !u!1 &1852575588311632
GameObject:
  m_ObjectHideFlags: 1
  m_PrefabParentObject: {fileID: 0}
  m_PrefabInternal: {fileID: 100100000}
  serializedVersion: 5
  m_Component:
  - component: {fileID: 4641251388567046}
  m_Layer: 0
  m_Name: bat_tail01
  m_TagString: Untagged
  m_Icon: {fileID: 0}
  m_NavMeshLayer: 0
  m_StaticEditorFlags: 0
  m_IsActive: 1
--- !u!1 &1871658119132504
GameObject:
  m_ObjectHideFlags: 1
  m_PrefabParentObject: {fileID: 0}
  m_PrefabInternal: {fileID: 100100000}
  serializedVersion: 5
  m_Component:
  - component: {fileID: 4190157440745324}
  m_Layer: 0
  m_Name: bat_leg(RIGHT)00
  m_TagString: Untagged
  m_Icon: {fileID: 0}
  m_NavMeshLayer: 0
  m_StaticEditorFlags: 0
  m_IsActive: 1
--- !u!1 &1875275969396770
GameObject:
  m_ObjectHideFlags: 1
  m_PrefabParentObject: {fileID: 0}
  m_PrefabInternal: {fileID: 100100000}
  serializedVersion: 5
  m_Component:
  - component: {fileID: 4986898624495286}
  m_Layer: 0
  m_Name: bat_ear(RIGHT)00
  m_TagString: Untagged
  m_Icon: {fileID: 0}
  m_NavMeshLayer: 0
  m_StaticEditorFlags: 0
  m_IsActive: 1
--- !u!1 &1947200507669048
GameObject:
  m_ObjectHideFlags: 1
  m_PrefabParentObject: {fileID: 0}
  m_PrefabInternal: {fileID: 100100000}
  serializedVersion: 5
  m_Component:
  - component: {fileID: 4790261145767370}
  m_Layer: 0
  m_Name: bat_end(RIGHT)10
  m_TagString: Untagged
  m_Icon: {fileID: 0}
  m_NavMeshLayer: 0
  m_StaticEditorFlags: 0
  m_IsActive: 1
--- !u!1 &1949054019667264
GameObject:
  m_ObjectHideFlags: 1
  m_PrefabParentObject: {fileID: 0}
  m_PrefabInternal: {fileID: 100100000}
  serializedVersion: 5
  m_Component:
  - component: {fileID: 4589763482063796}
  m_Layer: 0
  m_Name: bat_end(RIGHT)08
  m_TagString: Untagged
  m_Icon: {fileID: 0}
  m_NavMeshLayer: 0
  m_StaticEditorFlags: 0
  m_IsActive: 1
--- !u!1 &1954834967045094
GameObject:
  m_ObjectHideFlags: 1
  m_PrefabParentObject: {fileID: 0}
  m_PrefabInternal: {fileID: 100100000}
  serializedVersion: 5
  m_Component:
  - component: {fileID: 4479341915715598}
  m_Layer: 0
  m_Name: bat_ear(LEFT)00
  m_TagString: Untagged
  m_Icon: {fileID: 0}
  m_NavMeshLayer: 0
  m_StaticEditorFlags: 0
  m_IsActive: 1
--- !u!1 &1956266679953036
GameObject:
  m_ObjectHideFlags: 1
  m_PrefabParentObject: {fileID: 0}
  m_PrefabInternal: {fileID: 100100000}
  serializedVersion: 5
  m_Component:
  - component: {fileID: 4692827195055400}
  m_Layer: 0
  m_Name: bat_wing(RIGHT)09
  m_TagString: Untagged
  m_Icon: {fileID: 0}
  m_NavMeshLayer: 0
  m_StaticEditorFlags: 0
  m_IsActive: 1
--- !u!1 &1982629671627910
GameObject:
  m_ObjectHideFlags: 1
  m_PrefabParentObject: {fileID: 0}
  m_PrefabInternal: {fileID: 100100000}
  serializedVersion: 5
  m_Component:
  - component: {fileID: 4805892851558832}
  m_Layer: 0
  m_Name: bat_end(RIGHT)12
  m_TagString: Untagged
  m_Icon: {fileID: 0}
  m_NavMeshLayer: 0
  m_StaticEditorFlags: 0
  m_IsActive: 1
--- !u!1 &1990881715261890
GameObject:
  m_ObjectHideFlags: 1
  m_PrefabParentObject: {fileID: 0}
  m_PrefabInternal: {fileID: 100100000}
  serializedVersion: 5
  m_Component:
  - component: {fileID: 4366000309050020}
  m_Layer: 0
  m_Name: bat_end(RIGHT)11
  m_TagString: Untagged
  m_Icon: {fileID: 0}
  m_NavMeshLayer: 0
  m_StaticEditorFlags: 0
  m_IsActive: 1
--- !u!4 &4022529184149874
Transform:
  m_ObjectHideFlags: 1
  m_PrefabParentObject: {fileID: 0}
  m_PrefabInternal: {fileID: 100100000}
  m_GameObject: {fileID: 1656928406173940}
  m_LocalRotation: {x: -0.12810117, y: 0.0060480344, z: 0.11640651, w: 0.98488736}
  m_LocalPosition: {x: -0.12256324, y: 0, z: 0}
  m_LocalScale: {x: 1, y: 1, z: 1}
  m_Children: []
  m_Father: {fileID: 4024024966463254}
  m_RootOrder: 0
  m_LocalEulerAnglesHint: {x: 0, y: 0, z: 0}
--- !u!4 &4024024966463254
Transform:
  m_ObjectHideFlags: 1
  m_PrefabParentObject: {fileID: 0}
  m_PrefabInternal: {fileID: 100100000}
  m_GameObject: {fileID: 1759703550896598}
  m_LocalRotation: {x: 0.18130793, y: -0.04160717, z: 0.67724127, w: 0.7118571}
  m_LocalPosition: {x: -0.13719024, y: -0.00000015258789, z: 0.000000047683713}
  m_LocalScale: {x: 1.0000001, y: 1.0000001, z: 1}
  m_Children:
  - {fileID: 4022529184149874}
  m_Father: {fileID: 4614081217833502}
  m_RootOrder: 0
  m_LocalEulerAnglesHint: {x: 0, y: 0, z: 0}
--- !u!4 &4055446325963824
Transform:
  m_ObjectHideFlags: 1
  m_PrefabParentObject: {fileID: 0}
  m_PrefabInternal: {fileID: 100100000}
  m_GameObject: {fileID: 1827904252788338}
  m_LocalRotation: {x: 0.004182999, y: 0.025704501, z: -0.036155917, w: 0.99900675}
  m_LocalPosition: {x: -0.62577915, y: -0.000000038146972, z: 0.00000019073485}
  m_LocalScale: {x: 0.99999994, y: 1.0000004, z: 1.0000001}
  m_Children:
  - {fileID: 4702651190980004}
  m_Father: {fileID: 4692827195055400}
  m_RootOrder: 0
  m_LocalEulerAnglesHint: {x: 0, y: 0, z: 0}
--- !u!4 &4057015723787812
Transform:
  m_ObjectHideFlags: 1
  m_PrefabParentObject: {fileID: 0}
  m_PrefabInternal: {fileID: 100100000}
  m_GameObject: {fileID: 1622122726974270}
  m_LocalRotation: {x: -0.03175279, y: 0.0045209066, z: 0.18376327, w: 0.98244715}
  m_LocalPosition: {x: -0.6532594, y: 0.0004529953, z: -0.00023990631}
  m_LocalScale: {x: 0.9999997, y: 0.9999992, z: 0.9999995}
  m_Children:
  - {fileID: 4236331244863398}
  m_Father: {fileID: 4404772362464148}
  m_RootOrder: 4
  m_LocalEulerAnglesHint: {x: 0, y: 0, z: 0}
--- !u!4 &4062917780282208
Transform:
  m_ObjectHideFlags: 1
  m_PrefabParentObject: {fileID: 0}
  m_PrefabInternal: {fileID: 100100000}
  m_GameObject: {fileID: 1674116072625238}
  m_LocalRotation: {x: 0.0000009336434, y: -0.00000032224852, z: -0.06908082, w: 0.99761105}
  m_LocalPosition: {x: -0.12079872, y: -0.00000045776366, z: 0.0000000017310958}
  m_LocalScale: {x: 0.9999999, y: 0.9999999, z: 1}
  m_Children:
  - {fileID: 4658059880232064}
  m_Father: {fileID: 4164075124303822}
  m_RootOrder: 0
  m_LocalEulerAnglesHint: {x: 0, y: 0, z: 0}
--- !u!4 &4076611305650560
Transform:
  m_ObjectHideFlags: 1
  m_PrefabParentObject: {fileID: 0}
  m_PrefabInternal: {fileID: 100100000}
  m_GameObject: {fileID: 1119848653059526}
  m_LocalRotation: {x: -0.006660281, y: -0.28778297, z: 0.6159189, w: 0.7333352}
  m_LocalPosition: {x: -0.13719033, y: 0, z: -0.000000038146972}
  m_LocalScale: {x: 1.0000001, y: 1.0000001, z: 1}
  m_Children:
  - {fileID: 4455875315910052}
  m_Father: {fileID: 4827648162408724}
  m_RootOrder: 0
  m_LocalEulerAnglesHint: {x: 0, y: 0, z: 0}
--- !u!4 &4157112017410140
Transform:
  m_ObjectHideFlags: 1
  m_PrefabParentObject: {fileID: 0}
  m_PrefabInternal: {fileID: 100100000}
  m_GameObject: {fileID: 1380410512430738}
  m_LocalRotation: {x: 0.03262993, y: -0.004340074, z: -0.80329746, w: 0.5946677}
  m_LocalPosition: {x: -0.27880675, y: -0.000000057220458, z: 0.000000076293944}
  m_LocalScale: {x: 1.0000001, y: 1.0000006, z: 1.0000005}
  m_Children:
  - {fileID: 4371242821652420}
  - {fileID: 4402784036362768}
  - {fileID: 4692827195055400}
  - {fileID: 4634628623370502}
  - {fileID: 4169362814899594}
  m_Father: {fileID: 4626940731439178}
  m_RootOrder: 0
  m_LocalEulerAnglesHint: {x: 0, y: 0, z: 0}
--- !u!4 &4158235804126256
Transform:
  m_ObjectHideFlags: 1
  m_PrefabParentObject: {fileID: 0}
  m_PrefabInternal: {fileID: 100100000}
  m_GameObject: {fileID: 1038621358124150}
  m_LocalRotation: {x: 0.0012613169, y: 0.023890316, z: 0.32022578, w: 0.9470391}
  m_LocalPosition: {x: -0.6139718, y: -0.000000095367426, z: 0.00000015258789}
  m_LocalScale: {x: 1, y: 0.99999994, z: 1.0000002}
  m_Children:
  - {fileID: 4366000309050020}
  m_Father: {fileID: 4791420080254586}
  m_RootOrder: 0
  m_LocalEulerAnglesHint: {x: 0, y: 0, z: 0}
--- !u!4 &4162527046813180
Transform:
  m_ObjectHideFlags: 1
  m_PrefabParentObject: {fileID: 0}
  m_PrefabInternal: {fileID: 100100000}
  m_GameObject: {fileID: 1422820285328264}
  m_LocalRotation: {x: -0.00000444531, y: 0.0000029429455, z: 0.7216304, w: 0.6922786}
  m_LocalPosition: {x: -0.15948698, y: -0.000000114440915, z: 0}
  m_LocalScale: {x: 1.0000002, y: 1.0000002, z: 1}
  m_Children:
  - {fileID: 4206039607635218}
  m_Father: {fileID: 4863690667275236}
  m_RootOrder: 0
  m_LocalEulerAnglesHint: {x: 0, y: 0, z: 0}
--- !u!4 &4164075124303822
Transform:
  m_ObjectHideFlags: 1
  m_PrefabParentObject: {fileID: 0}
  m_PrefabInternal: {fileID: 100100000}
  m_GameObject: {fileID: 1185463465500406}
  m_LocalRotation: {x: -0.00000191604, y: -0.00000015367087, z: -0.044309486, w: 0.9990179}
  m_LocalPosition: {x: -0.13668014, y: 0.000000076293944, z: 0.000000002592569}
  m_LocalScale: {x: 1.0000002, y: 1.0000002, z: 1}
  m_Children:
  - {fileID: 4062917780282208}
  m_Father: {fileID: 4229388392505362}
  m_RootOrder: 0
  m_LocalEulerAnglesHint: {x: 0, y: 0, z: 0}
--- !u!4 &4169362814899594
Transform:
  m_ObjectHideFlags: 1
  m_PrefabParentObject: {fileID: 0}
  m_PrefabInternal: {fileID: 100100000}
  m_GameObject: {fileID: 1265489288461340}
  m_LocalRotation: {x: -0.03289841, y: 0.005199193, z: 0.18332323, w: 0.98248833}
  m_LocalPosition: {x: -0.6532594, y: 0.0004529953, z: -0.00023990631}
  m_LocalScale: {x: 0.9999997, y: 0.9999992, z: 0.9999995}
  m_Children:
  - {fileID: 4574304075575584}
  m_Father: {fileID: 4157112017410140}
  m_RootOrder: 4
  m_LocalEulerAnglesHint: {x: 0, y: 0, z: 0}
--- !u!4 &4182364817116346
Transform:
  m_ObjectHideFlags: 1
  m_PrefabParentObject: {fileID: 0}
  m_PrefabInternal: {fileID: 100100000}
  m_GameObject: {fileID: 1202487095220354}
  m_LocalRotation: {x: -0.48839468, y: 0.10474188, z: 0.84708965, w: 0.18149078}
  m_LocalPosition: {x: -0.106825486, y: -0.000000019073486, z: 0.00000001630669}
  m_LocalScale: {x: 1, y: 1, z: 1}
  m_Children:
  - {fileID: 4878623857778342}
  m_Father: {fileID: 4315430641884022}
  m_RootOrder: 1
  m_LocalEulerAnglesHint: {x: 0, y: 0, z: 0}
--- !u!4 &4190157440745324
Transform:
  m_ObjectHideFlags: 1
  m_PrefabParentObject: {fileID: 0}
  m_PrefabInternal: {fileID: 100100000}
  m_GameObject: {fileID: 1871658119132504}
  m_LocalRotation: {x: 0.4934097, y: -0.105512865, z: 0.8442507, w: 0.1807061}
  m_LocalPosition: {x: -0.10682556, y: -0.0000001335144, z: 0.0018492864}
  m_LocalScale: {x: 1, y: 1.0000001, z: 0.9999999}
  m_Children:
  - {fileID: 4942821280387442}
  m_Father: {fileID: 4315430641884022}
  m_RootOrder: 2
  m_LocalEulerAnglesHint: {x: 0, y: 0, z: 0}
--- !u!4 &4190564331723308
Transform:
  m_ObjectHideFlags: 1
  m_PrefabParentObject: {fileID: 0}
  m_PrefabInternal: {fileID: 100100000}
  m_GameObject: {fileID: 1234931577767814}
  m_LocalRotation: {x: -0.0008462318, y: 0.021383243, z: 0.04750467, w: 0.9986418}
  m_LocalPosition: {x: -0.47588336, y: 0.000000076293944, z: 0.000000038146972}
  m_LocalScale: {x: 1.0000002, y: 1.0000005, z: 1}
  m_Children:
  - {fileID: 4589763482063796}
  m_Father: {fileID: 4335866709663684}
  m_RootOrder: 0
  m_LocalEulerAnglesHint: {x: 0, y: 0, z: 0}
--- !u!4 &4201837413062100
Transform:
  m_ObjectHideFlags: 1
  m_PrefabParentObject: {fileID: 0}
  m_PrefabInternal: {fileID: 100100000}
  m_GameObject: {fileID: 1784156314756650}
  m_LocalRotation: {x: 0.70436895, y: -0.07204294, z: 0.07011173, w: 0.7026796}
  m_LocalPosition: {x: -0.14507504, y: 0, z: 0.000000019073486}
  m_LocalScale: {x: 1, y: 1, z: 1}
  m_Children: []
  m_Father: {fileID: 4588462605114690}
  m_RootOrder: 0
  m_LocalEulerAnglesHint: {x: 0, y: 0, z: 0}
--- !u!4 &4206039607635218
Transform:
  m_ObjectHideFlags: 1
  m_PrefabParentObject: {fileID: 0}
  m_PrefabInternal: {fileID: 100100000}
  m_GameObject: {fileID: 1566622431456494}
  m_LocalRotation: {x: -0.0000025449788, y: -0.0000027424053, z: -0.11253391, w: 0.9936479}
  m_LocalPosition: {x: -0.22698574, y: 0.000000038146972, z: 4.3655745e-13}
  m_LocalScale: {x: 1, y: 1, z: 1}
  m_Children: []
  m_Father: {fileID: 4162527046813180}
  m_RootOrder: 0
  m_LocalEulerAnglesHint: {x: 0, y: 0, z: 0}
--- !u!4 &4207017460547984
Transform:
  m_ObjectHideFlags: 1
  m_PrefabParentObject: {fileID: 0}
  m_PrefabInternal: {fileID: 100100000}
  m_GameObject: {fileID: 1340238330783868}
  m_LocalRotation: {x: -0.056729868, y: -0.104523666, z: -0.8288623, w: 0.5466662}
  m_LocalPosition: {x: -0.25522715, y: -0.0034275816, z: -0.0016077041}
  m_LocalScale: {x: 1, y: 1, z: 1}
  m_Children:
  - {fileID: 4614081217833502}
  m_Father: {fileID: 4942821280387442}
  m_RootOrder: 0
  m_LocalEulerAnglesHint: {x: 0, y: 0, z: 0}
--- !u!4 &4218933267235264
Transform:
  m_ObjectHideFlags: 1
  m_PrefabParentObject: {fileID: 0}
  m_PrefabInternal: {fileID: 100100000}
  m_GameObject: {fileID: 1642478921480214}
  m_LocalRotation: {x: -0.0055802655, y: -0.006988121, z: 0.528211, w: 0.8490661}
  m_LocalPosition: {x: -0.62193936, y: -0.00081752776, z: 0.000053443906}
  m_LocalScale: {x: 1, y: 0.9999995, z: 0.99999964}
  m_Children:
  - {fileID: 4667576868928878}
  m_Father: {fileID: 4404772362464148}
  m_RootOrder: 2
  m_LocalEulerAnglesHint: {x: 0, y: 0, z: 0}
--- !u!4 &4229388392505362
Transform:
  m_ObjectHideFlags: 1
  m_PrefabParentObject: {fileID: 0}
  m_PrefabInternal: {fileID: 100100000}
  m_GameObject: {fileID: 1173269286197694}
  m_LocalRotation: {x: -0.00000167859, y: 0.00000015654798, z: 0.04888495, w: 0.99880445}
  m_LocalPosition: {x: -0.15812911, y: -0.000000038146972, z: 0.0000000012626696}
  m_LocalScale: {x: 1, y: 1, z: 1}
  m_Children:
  - {fileID: 4164075124303822}
  m_Father: {fileID: 4641251388567046}
  m_RootOrder: 0
  m_LocalEulerAnglesHint: {x: 0, y: 0, z: 0}
--- !u!4 &4236331244863398
Transform:
  m_ObjectHideFlags: 1
  m_PrefabParentObject: {fileID: 0}
  m_PrefabInternal: {fileID: 100100000}
  m_GameObject: {fileID: 1129259112296600}
  m_LocalRotation: {x: -0.009856556, y: -0.0077488455, z: 0.90730673, w: -0.4202825}
  m_LocalPosition: {x: -0.17742412, y: 0.000000076293944, z: 0.000000038146972}
  m_LocalScale: {x: 1, y: 0.99999994, z: 0.9999999}
  m_Children:
  - {fileID: 4805892851558832}
  m_Father: {fileID: 4057015723787812}
  m_RootOrder: 0
  m_LocalEulerAnglesHint: {x: 0, y: 0, z: 0}
--- !u!4 &4249444943809700
Transform:
  m_ObjectHideFlags: 1
  m_PrefabParentObject: {fileID: 0}
  m_PrefabInternal: {fileID: 100100000}
  m_GameObject: {fileID: 1586332576767214}
  m_LocalRotation: {x: 0.70436895, y: -0.07204293, z: 0.07011178, w: 0.7026796}
  m_LocalPosition: {x: -0.14507507, y: 0, z: 0.000000057220458}
  m_LocalScale: {x: 1, y: 1, z: 1}
  m_Children: []
  m_Father: {fileID: 4462729747687664}
  m_RootOrder: 0
  m_LocalEulerAnglesHint: {x: 0, y: 0, z: 0}
--- !u!4 &4301064155502144
Transform:
  m_ObjectHideFlags: 1
  m_PrefabParentObject: {fileID: 0}
  m_PrefabInternal: {fileID: 100100000}
  m_GameObject: {fileID: 1573517055373062}
  m_LocalRotation: {x: -0.58568203, y: -0.4764817, z: -0.34350348, w: 0.5585222}
  m_LocalPosition: {x: -0.16884914, y: -0.000000076293944, z: 0.00058063515}
  m_LocalScale: {x: -0.99999946, y: -0.9999994, z: -0.9999993}
  m_Children:
  - {fileID: 4880765933687940}
  m_Father: {fileID: 4939232850990808}
  m_RootOrder: 1
  m_LocalEulerAnglesHint: {x: 0, y: 0, z: 0}
--- !u!4 &4308077740449460
Transform:
  m_ObjectHideFlags: 1
  m_PrefabParentObject: {fileID: 0}
  m_PrefabInternal: {fileID: 100100000}
  m_GameObject: {fileID: 1079449527751314}
  m_LocalRotation: {x: 0.00000006816204, y: 0.000000054741932, z: 0.6261748, w: 0.7796827}
  m_LocalPosition: {x: -0.106825486, y: -0.000000019073486, z: -0.00000001021785}
  m_LocalScale: {x: 0.99999994, y: 0.99999994, z: 1}
  m_Children:
  - {fileID: 4641251388567046}
  m_Father: {fileID: 4315430641884022}
  m_RootOrder: 3
  m_LocalEulerAnglesHint: {x: 0, y: 0, z: 0}
--- !u!4 &4315430641884022
Transform:
  m_ObjectHideFlags: 1
  m_PrefabParentObject: {fileID: 0}
  m_PrefabInternal: {fileID: 100100000}
  m_GameObject: {fileID: 1465487022058480}
  m_LocalRotation: {x: 0.29161543, y: 0.64417434, z: 0.29161537, w: 0.64417416}
  m_LocalPosition: {x: 0.001979599, y: -0.09367172, z: 0.40263367}
  m_LocalScale: {x: 1, y: 1, z: 1}
  m_Children:
  - {fileID: 4580354752958500}
  - {fileID: 4182364817116346}
  - {fileID: 4190157440745324}
  - {fileID: 4308077740449460}
  m_Father: {fileID: 4724416744583964}
  m_RootOrder: 0
  m_LocalEulerAnglesHint: {x: 0, y: 0, z: 0}
--- !u!4 &4335866709663684
Transform:
  m_ObjectHideFlags: 1
  m_PrefabParentObject: {fileID: 0}
  m_PrefabInternal: {fileID: 100100000}
  m_GameObject: {fileID: 1738295612805784}
  m_LocalRotation: {x: 0.012553898, y: 0.008076663, z: 0.99502903, w: 0.09845985}
  m_LocalPosition: {x: -0.6534773, y: -0.012915878, z: 0.000033454893}
  m_LocalScale: {x: 0.9999999, y: 0.9999995, z: 0.99999976}
  m_Children:
  - {fileID: 4190564331723308}
  m_Father: {fileID: 4404772362464148}
  m_RootOrder: 0
  m_LocalEulerAnglesHint: {x: 0, y: 0, z: 0}
--- !u!4 &4366000309050020
Transform:
  m_ObjectHideFlags: 1
  m_PrefabParentObject: {fileID: 0}
  m_PrefabInternal: {fileID: 100100000}
  m_GameObject: {fileID: 1990881715261890}
  m_LocalRotation: {x: 0.0032456554, y: -0.01841722, z: -0.028418282, w: 0.9994212}
  m_LocalPosition: {x: -0.5933912, y: -0.0000006866455, z: -0.0000004959106}
  m_LocalScale: {x: 1, y: 1, z: 1}
  m_Children: []
  m_Father: {fileID: 4158235804126256}
  m_RootOrder: 0
  m_LocalEulerAnglesHint: {x: 0, y: 0, z: 0}
--- !u!4 &4371242821652420
Transform:
  m_ObjectHideFlags: 1
  m_PrefabParentObject: {fileID: 0}
  m_PrefabInternal: {fileID: 100100000}
  m_GameObject: {fileID: 1627573946962488}
  m_LocalRotation: {x: 0.012682141, y: 0.0082615325, z: 0.9950322, w: 0.098396786}
  m_LocalPosition: {x: -0.65347725, y: -0.012915954, z: 0.000033569337}
  m_LocalScale: {x: 0.9999999, y: 0.9999995, z: 0.99999976}
  m_Children:
  - {fileID: 4924550406069478}
  m_Father: {fileID: 4157112017410140}
  m_RootOrder: 0
  m_LocalEulerAnglesHint: {x: 0, y: 0, z: 0}
--- !u!4 &4402784036362768
Transform:
  m_ObjectHideFlags: 1
  m_PrefabParentObject: {fileID: 0}
  m_PrefabInternal: {fileID: 100100000}
  m_GameObject: {fileID: 1469679123670102}
  m_LocalRotation: {x: -0.007962773, y: -0.006346046, z: 0.43069136, w: 0.90244186}
  m_LocalPosition: {x: -0.6532831, y: 0.00045295715, z: -0.00024013518}
  m_LocalScale: {x: 1.0000002, y: 0.9999998, z: 0.99999976}
  m_Children:
  - {fileID: 4948620423671318}
  m_Father: {fileID: 4157112017410140}
  m_RootOrder: 1
  m_LocalEulerAnglesHint: {x: 0, y: 0, z: 0}
--- !u!4 &4404772362464148
Transform:
  m_ObjectHideFlags: 1
  m_PrefabParentObject: {fileID: 0}
  m_PrefabInternal: {fileID: 100100000}
  m_GameObject: {fileID: 1547549611429722}
  m_LocalRotation: {x: 0.0327324, y: -0.0044788914, z: -0.8032966, w: 0.59466213}
  m_LocalPosition: {x: -0.27880654, y: 0.000000019073486, z: 0.000000076293944}
  m_LocalScale: {x: 1.0000001, y: 1.0000006, z: 1.0000005}
  m_Children:
  - {fileID: 4335866709663684}
  - {fileID: 4877068907574166}
  - {fileID: 4218933267235264}
  - {fileID: 4791420080254586}
  - {fileID: 4057015723787812}
  m_Father: {fileID: 4880765933687940}
  m_RootOrder: 0
  m_LocalEulerAnglesHint: {x: 0, y: 0, z: 0}
--- !u!4 &4427633994699234
Transform:
  m_ObjectHideFlags: 1
  m_PrefabParentObject: {fileID: 0}
  m_PrefabInternal: {fileID: 100100000}
  m_GameObject: {fileID: 1603626198228162}
  m_LocalRotation: {x: 0.0015607944, y: -0.020734088, z: 0.0060151652, w: 0.99976575}
  m_LocalPosition: {x: -0.5269394, y: -0.00000030517577, z: -0.0000002670288}
  m_LocalScale: {x: 1, y: 1, z: 1}
  m_Children: []
  m_Father: {fileID: 4923602962508380}
  m_RootOrder: 0
  m_LocalEulerAnglesHint: {x: 0, y: 0, z: 0}
--- !u!4 &4451048826434150
Transform:
  m_ObjectHideFlags: 1
  m_PrefabParentObject: {fileID: 0}
  m_PrefabInternal: {fileID: 100100000}
  m_GameObject: {fileID: 1325691127114088}
  m_LocalRotation: {x: 0.0009742751, y: 0.023979804, z: 0.32023948, w: 0.9470326}
  m_LocalPosition: {x: -0.6139719, y: 0.000000019073486, z: 0.00000015258789}
  m_LocalScale: {x: 1, y: 0.99999994, z: 1.0000002}
  m_Children:
  - {fileID: 4468692272376520}
  m_Father: {fileID: 4634628623370502}
  m_RootOrder: 0
  m_LocalEulerAnglesHint: {x: 0, y: 0, z: 0}
--- !u!4 &4455875315910052
Transform:
  m_ObjectHideFlags: 1
  m_PrefabParentObject: {fileID: 0}
  m_PrefabInternal: {fileID: 100100000}
  m_GameObject: {fileID: 1641436629100590}
  m_LocalRotation: {x: 0.26177213, y: -0.08318666, z: 0.094333135, w: 0.9568995}
  m_LocalPosition: {x: -0.12198951, y: 0.00000015258789, z: 0.000000038146972}
  m_LocalScale: {x: 1, y: 1, z: 1}
  m_Children: []
  m_Father: {fileID: 4076611305650560}
  m_RootOrder: 0
  m_LocalEulerAnglesHint: {x: 0, y: 0, z: 0}
--- !u!4 &4457438020875002
Transform:
  m_ObjectHideFlags: 1
  m_PrefabParentObject: {fileID: 0}
  m_PrefabInternal: {fileID: 100100000}
  m_GameObject: {fileID: 1160944993015664}
  m_LocalRotation: {x: -0.0000012687879, y: -0.0000013777504, z: -0.0000009834783,
    w: 1}
  m_LocalPosition: {x: -0.21798898, y: 0, z: 0}
  m_LocalScale: {x: 0.99999994, y: 0.99999994, z: 1}
  m_Children: []
  m_Father: {fileID: 4672082551494182}
  m_RootOrder: 0
  m_LocalEulerAnglesHint: {x: 0, y: 0, z: 0}
--- !u!4 &4458758090046048
Transform:
  m_ObjectHideFlags: 1
  m_PrefabParentObject: {fileID: 0}
  m_PrefabInternal: {fileID: 100100000}
  m_GameObject: {fileID: 1249638120521254}
  m_LocalRotation: {x: 0.0020037843, y: -0.01722779, z: -0.007192005, w: 0.9998237}
  m_LocalPosition: {x: -0.5494098, y: -0.000000076293944, z: -0.000000038146972}
  m_LocalScale: {x: 1, y: 1, z: 0.99999994}
  m_Children: []
  m_Father: {fileID: 4924550406069478}
  m_RootOrder: 0
  m_LocalEulerAnglesHint: {x: 0, y: 0, z: 0}
--- !u!4 &4460637038437784
Transform:
  m_ObjectHideFlags: 1
  m_PrefabParentObject: {fileID: 0}
  m_PrefabInternal: {fileID: 100100000}
  m_GameObject: {fileID: 1078438183158876}
  m_LocalRotation: {x: 0, y: 1, z: 0, w: 0}
  m_LocalPosition: {x: 0, y: 0, z: 0}
  m_LocalScale: {x: 1, y: 1, z: 1}
  m_Children:
  - {fileID: 4785403077086904}
  - {fileID: 4724416744583964}
  - {fileID: 4712540747825468}
  m_Father: {fileID: 4990100266111084}
  m_RootOrder: 0
  m_LocalEulerAnglesHint: {x: 0, y: 180, z: 0}
--- !u!4 &4462729747687664
Transform:
  m_ObjectHideFlags: 1
  m_PrefabParentObject: {fileID: 0}
  m_PrefabInternal: {fileID: 100100000}
  m_GameObject: {fileID: 1186147894069788}
  m_LocalRotation: {x: -0.4728437, y: 0.16476409, z: -0.48629752, w: 0.71609104}
  m_LocalPosition: {x: -0.069522664, y: 0.000000038146972, z: 0.000000019073486}
  m_LocalScale: {x: 1.0000001, y: 1.0000001, z: 1}
  m_Children:
  - {fileID: 4249444943809700}
  m_Father: {fileID: 4986898624495286}
  m_RootOrder: 0
  m_LocalEulerAnglesHint: {x: 0, y: 0, z: 0}
--- !u!4 &4468692272376520
Transform:
  m_ObjectHideFlags: 1
  m_PrefabParentObject: {fileID: 0}
  m_PrefabInternal: {fileID: 100100000}
  m_GameObject: {fileID: 1702631602457196}
  m_LocalRotation: {x: 0.003245656, y: -0.01841722, z: -0.028418295, w: 0.9994212}
  m_LocalPosition: {x: -0.5933914, y: -0.0000006866455, z: -0.0000005340576}
  m_LocalScale: {x: 1, y: 1, z: 1}
  m_Children: []
  m_Father: {fileID: 4451048826434150}
  m_RootOrder: 0
  m_LocalEulerAnglesHint: {x: 0, y: 0, z: 0}
--- !u!4 &4479341915715598
Transform:
  m_ObjectHideFlags: 1
  m_PrefabParentObject: {fileID: 0}
  m_PrefabInternal: {fileID: 100100000}
  m_GameObject: {fileID: 1954834967045094}
  m_LocalRotation: {x: -0.49489024, y: -0.2621089, z: 0.69745475, w: -0.44714603}
  m_LocalPosition: {x: -0.17218521, y: 0, z: 0}
  m_LocalScale: {x: 0.9999992, y: 0.9999992, z: 1}
  m_Children:
  - {fileID: 4588462605114690}
  m_Father: {fileID: 4700106730134928}
  m_RootOrder: 1
  m_LocalEulerAnglesHint: {x: 0, y: 0, z: 0}
--- !u!4 &4517212501665372
Transform:
  m_ObjectHideFlags: 1
  m_PrefabParentObject: {fileID: 0}
  m_PrefabInternal: {fileID: 100100000}
  m_GameObject: {fileID: 1240007576973010}
  m_LocalRotation: {x: -0.4764221, y: 0.58583206, z: -0.5586392, w: -0.34314013}
  m_LocalPosition: {x: -0.16884914, y: -0.000000076293944, z: 0.000000019068247}
  m_LocalScale: {x: 0.99999994, y: 0.9999994, z: 0.99999934}
  m_Children:
  - {fileID: 4626940731439178}
  m_Father: {fileID: 4939232850990808}
  m_RootOrder: 2
  m_LocalEulerAnglesHint: {x: 0, y: 0, z: 0}
--- !u!4 &4574304075575584
Transform:
  m_ObjectHideFlags: 1
  m_PrefabParentObject: {fileID: 0}
  m_PrefabInternal: {fileID: 100100000}
  m_GameObject: {fileID: 1721937975383076}
  m_LocalRotation: {x: -0.009861378, y: -0.0077575594, z: 0.9071041, w: -0.4207194}
  m_LocalPosition: {x: -0.17742412, y: 0.00000015258789, z: 0}
  m_LocalScale: {x: 1, y: 0.99999994, z: 0.9999999}
  m_Children:
  - {fileID: 4888013066303132}
  m_Father: {fileID: 4169362814899594}
  m_RootOrder: 0
  m_LocalEulerAnglesHint: {x: 0, y: 0, z: 0}
--- !u!4 &4580354752958500
Transform:
  m_ObjectHideFlags: 1
  m_PrefabParentObject: {fileID: 0}
  m_PrefabInternal: {fileID: 100100000}
  m_GameObject: {fileID: 1351412054860502}
  m_LocalRotation: {x: -0.000000006626511, y: -0.00000011565194, z: -0.84581685, w: 0.53347343}
  m_LocalPosition: {x: -0.10682533, y: 0.000000095367426, z: 0.00000001630648}
  m_LocalScale: {x: 1, y: 1, z: 1}
  m_Children:
  - {fileID: 4857819255713296}
  m_Father: {fileID: 4315430641884022}
  m_RootOrder: 0
  m_LocalEulerAnglesHint: {x: 0, y: 0, z: 0}
--- !u!4 &4588462605114690
Transform:
  m_ObjectHideFlags: 1
  m_PrefabParentObject: {fileID: 0}
  m_PrefabInternal: {fileID: 100100000}
  m_GameObject: {fileID: 1561672189119124}
  m_LocalRotation: {x: -0.47284374, y: 0.16476409, z: -0.4862975, w: 0.71609104}
  m_LocalPosition: {x: -0.069522664, y: 0.000000038146972, z: 0.000000009536743}
  m_LocalScale: {x: 1.0000001, y: 1.0000001, z: 1}
  m_Children:
  - {fileID: 4201837413062100}
  m_Father: {fileID: 4479341915715598}
  m_RootOrder: 0
  m_LocalEulerAnglesHint: {x: 0, y: 0, z: 0}
--- !u!4 &4589763482063796
Transform:
  m_ObjectHideFlags: 1
  m_PrefabParentObject: {fileID: 0}
  m_PrefabInternal: {fileID: 100100000}
  m_GameObject: {fileID: 1949054019667264}
  m_LocalRotation: {x: 0.0020037843, y: -0.01722779, z: -0.0071919993, w: 0.9998237}
  m_LocalPosition: {x: -0.5494098, y: -0.000000076293944, z: 0}
  m_LocalScale: {x: 1, y: 1, z: 0.99999994}
  m_Children: []
  m_Father: {fileID: 4190564331723308}
  m_RootOrder: 0
  m_LocalEulerAnglesHint: {x: 0, y: 0, z: 0}
--- !u!4 &4614081217833502
Transform:
  m_ObjectHideFlags: 1
  m_PrefabParentObject: {fileID: 0}
  m_PrefabInternal: {fileID: 100100000}
  m_GameObject: {fileID: 1817889224696712}
  m_LocalRotation: {x: -0.11870178, y: -0.04706896, z: 0.52885777, w: 0.83904946}
  m_LocalPosition: {x: -0.30224425, y: -0.0000001335144, z: 0.0000000667572}
  m_LocalScale: {x: 0.99999976, y: 0.99999976, z: 1}
  m_Children:
  - {fileID: 4024024966463254}
  m_Father: {fileID: 4207017460547984}
  m_RootOrder: 0
  m_LocalEulerAnglesHint: {x: 0, y: 0, z: 0}
--- !u!4 &4626940731439178
Transform:
  m_ObjectHideFlags: 1
  m_PrefabParentObject: {fileID: 0}
  m_PrefabInternal: {fileID: 100100000}
  m_GameObject: {fileID: 1559883681489384}
  m_LocalRotation: {x: -0.010719683, y: 0.08936403, z: 0.23250541, w: 0.96842164}
  m_LocalPosition: {x: -0.105236426, y: -0.00000019073485, z: 0.000000038146972}
  m_LocalScale: {x: 0.9999998, y: 1.0000001, z: 0.99999994}
  m_Children:
  - {fileID: 4157112017410140}
  m_Father: {fileID: 4517212501665372}
  m_RootOrder: 0
  m_LocalEulerAnglesHint: {x: 0, y: 0, z: 0}
--- !u!4 &4634628623370502
Transform:
  m_ObjectHideFlags: 1
  m_PrefabParentObject: {fileID: 0}
  m_PrefabInternal: {fileID: 100100000}
  m_GameObject: {fileID: 1449377684547500}
  m_LocalRotation: {x: 0.0012732628, y: -0.0034233076, z: 0.78015083, w: 0.62558085}
  m_LocalPosition: {x: -0.6202718, y: 0.0021653748, z: 0.000006561279}
  m_LocalScale: {x: 0.99999934, y: 0.99999976, z: 0.9999994}
  m_Children:
  - {fileID: 4451048826434150}
  m_Father: {fileID: 4157112017410140}
  m_RootOrder: 3
  m_LocalEulerAnglesHint: {x: 0, y: 0, z: 0}
--- !u!4 &4641251388567046
Transform:
  m_ObjectHideFlags: 1
  m_PrefabParentObject: {fileID: 0}
  m_PrefabInternal: {fileID: 100100000}
  m_GameObject: {fileID: 1852575588311632}
  m_LocalRotation: {x: -0.0000004977985, y: -0.000000069092486, z: -0.18244968, w: 0.9832152}
  m_LocalPosition: {x: -0.12738883, y: 0, z: 0.000000008452025}
  m_LocalScale: {x: 1, y: 1, z: 1}
  m_Children:
  - {fileID: 4229388392505362}
  m_Father: {fileID: 4308077740449460}
  m_RootOrder: 0
  m_LocalEulerAnglesHint: {x: 0, y: 0, z: 0}
--- !u!4 &4641541314741362
Transform:
  m_ObjectHideFlags: 1
  m_PrefabParentObject: {fileID: 0}
  m_PrefabInternal: {fileID: 100100000}
  m_GameObject: {fileID: 1102008133912228}
  m_LocalRotation: {x: -0.0000031065824, y: -0.00000013274418, z: -0.037412643, w: 0.99929994}
  m_LocalPosition: {x: -0.168851, y: -0.0000009918213, z: 7.275957e-13}
  m_LocalScale: {x: 0.9999995, y: 0.9999995, z: 1}
  m_Children:
  - {fileID: 4700106730134928}
  m_Father: {fileID: 4939232850990808}
  m_RootOrder: 0
  m_LocalEulerAnglesHint: {x: 0, y: 0, z: 0}
--- !u!4 &4641640019797052
Transform:
  m_ObjectHideFlags: 1
  m_PrefabParentObject: {fileID: 0}
  m_PrefabInternal: {fileID: 100100000}
  m_GameObject: {fileID: 1785860334287758}
  m_LocalRotation: {x: 0.1890368, y: -0.039277427, z: -0.8373108, w: 0.5115008}
  m_LocalPosition: {x: -0.25489694, y: 0.00002494812, z: -0.00034152984}
  m_LocalScale: {x: 1, y: 1, z: 1}
  m_Children:
  - {fileID: 4827648162408724}
  m_Father: {fileID: 4878623857778342}
  m_RootOrder: 0
  m_LocalEulerAnglesHint: {x: 0, y: 0, z: 0}
--- !u!4 &4658059880232064
Transform:
  m_ObjectHideFlags: 1
  m_PrefabParentObject: {fileID: 0}
  m_PrefabInternal: {fileID: 100100000}
  m_GameObject: {fileID: 1393943125769542}
  m_LocalRotation: {x: -0.0000004768374, y: 0.00000023841808, z: 0.0000010430814,
    w: 1}
  m_LocalPosition: {x: -0.1203598, y: 0.000000076293944, z: -1.1641532e-12}
  m_LocalScale: {x: 1, y: 1, z: 1}
  m_Children: []
  m_Father: {fileID: 4062917780282208}
  m_RootOrder: 0
  m_LocalEulerAnglesHint: {x: 0, y: 0, z: 0}
--- !u!4 &4667576868928878
Transform:
  m_ObjectHideFlags: 1
  m_PrefabParentObject: {fileID: 0}
  m_PrefabInternal: {fileID: 100100000}
  m_GameObject: {fileID: 1466569733627970}
  m_LocalRotation: {x: 0.003837184, y: 0.025591154, z: -0.03604202, w: 0.9990152}
  m_LocalPosition: {x: -0.62577915, y: -0.000000028610229, z: 0.00000015258789}
  m_LocalScale: {x: 0.99999994, y: 1.0000004, z: 1.0000001}
  m_Children:
  - {fileID: 4790261145767370}
  m_Father: {fileID: 4218933267235264}
  m_RootOrder: 0
  m_LocalEulerAnglesHint: {x: 0, y: 0, z: 0}
--- !u!4 &4672082551494182
Transform:
  m_ObjectHideFlags: 1
  m_PrefabParentObject: {fileID: 0}
  m_PrefabInternal: {fileID: 100100000}
  m_GameObject: {fileID: 1840015248148170}
  m_LocalRotation: {x: -0.00000058852595, y: 0.00000088910383, z: 0.12077366, w: 0.9926801}
  m_LocalPosition: {x: -0.17218514, y: 0.000000076293944, z: 5.820766e-13}
  m_LocalScale: {x: 1, y: 1, z: 1}
  m_Children:
  - {fileID: 4457438020875002}
  m_Father: {fileID: 4700106730134928}
  m_RootOrder: 3
  m_LocalEulerAnglesHint: {x: 0, y: 0, z: 0}
--- !u!4 &4692827195055400
Transform:
  m_ObjectHideFlags: 1
  m_PrefabParentObject: {fileID: 0}
  m_PrefabInternal: {fileID: 100100000}
  m_GameObject: {fileID: 1956266679953036}
  m_LocalRotation: {x: -0.005478857, y: -0.007148804, z: 0.5280253, w: 0.84918094}
  m_LocalPosition: {x: -0.6219395, y: -0.0008176041, z: 0.000053482054}
  m_LocalScale: {x: 1, y: 0.9999995, z: 0.99999964}
  m_Children:
  - {fileID: 4055446325963824}
  m_Father: {fileID: 4157112017410140}
  m_RootOrder: 2
  m_LocalEulerAnglesHint: {x: 0, y: 0, z: 0}
--- !u!4 &4700106730134928
Transform:
  m_ObjectHideFlags: 1
  m_PrefabParentObject: {fileID: 0}
  m_PrefabInternal: {fileID: 100100000}
  m_GameObject: {fileID: 1488037234568442}
  m_LocalRotation: {x: -0.0000004064973, y: -0.0000005366942, z: -0.28235453, w: 0.9593102}
  m_LocalPosition: {x: -0.17474926, y: 0.00000030517577, z: 5.820766e-13}
  m_LocalScale: {x: 1.0000005, y: 1.0000005, z: 1}
  m_Children:
  - {fileID: 4863690667275236}
  - {fileID: 4479341915715598}
  - {fileID: 4986898624495286}
  - {fileID: 4672082551494182}
  m_Father: {fileID: 4641541314741362}
  m_RootOrder: 0
  m_LocalEulerAnglesHint: {x: 0, y: 0, z: 0}
--- !u!4 &4702651190980004
Transform:
  m_ObjectHideFlags: 1
  m_PrefabParentObject: {fileID: 0}
  m_PrefabInternal: {fileID: 100100000}
  m_GameObject: {fileID: 1589846952073154}
  m_LocalRotation: {x: -0.00039743356, y: -0.017497381, z: 0.00384411, w: 0.9998395}
  m_LocalPosition: {x: -0.61062443, y: -0.000000114440915, z: 0.000000114440915}
  m_LocalScale: {x: 1, y: 1, z: 1}
  m_Children: []
  m_Father: {fileID: 4055446325963824}
  m_RootOrder: 0
  m_LocalEulerAnglesHint: {x: 0, y: 0, z: 0}
--- !u!4 &4712540747825468
Transform:
  m_ObjectHideFlags: 1
  m_PrefabParentObject: {fileID: 0}
  m_PrefabInternal: {fileID: 100100000}
  m_GameObject: {fileID: 1233391155909986}
  m_LocalRotation: {x: 0.0000000037252903, y: 0.7071067, z: -0.0000000037252903, w: 0.7071069}
  m_LocalPosition: {x: 0, y: 0, z: 0}
  m_LocalScale: {x: 1, y: 1, z: 1}
  m_Children: []
  m_Father: {fileID: 4460637038437784}
  m_RootOrder: 2
  m_LocalEulerAnglesHint: {x: 0, y: 0, z: 0}
--- !u!4 &4724416744583964
Transform:
  m_ObjectHideFlags: 1
  m_PrefabParentObject: {fileID: 0}
  m_PrefabInternal: {fileID: 100100000}
  m_GameObject: {fileID: 1493599369660052}
  m_LocalRotation: {x: -0.70710677, y: 0.000000029802319, z: -0.000000014901159, w: 0.7071068}
  m_LocalPosition: {x: -0.0019789934, y: 0.00017012563, z: 0.6706324}
  m_LocalScale: {x: 1, y: 1, z: 1}
  m_Children:
  - {fileID: 4315430641884022}
  m_Father: {fileID: 4460637038437784}
  m_RootOrder: 1
  m_LocalEulerAnglesHint: {x: 0, y: 0, z: 0}
--- !u!4 &4728326313264988
Transform:
  m_ObjectHideFlags: 1
  m_PrefabParentObject: {fileID: 0}
  m_PrefabInternal: {fileID: 100100000}
  m_GameObject: {fileID: 1313444420882342}
  m_LocalRotation: {x: 0.0015607952, y: -0.020734088, z: 0.006015144, w: 0.99976575}
  m_LocalPosition: {x: -0.5269391, y: -0.00000022888183, z: -0.0000002670288}
  m_LocalScale: {x: 1, y: 1, z: 1}
  m_Children: []
  m_Father: {fileID: 4948620423671318}
  m_RootOrder: 0
  m_LocalEulerAnglesHint: {x: 0, y: 0, z: 0}
--- !u!4 &4785403077086904
Transform:
  m_ObjectHideFlags: 1
  m_PrefabParentObject: {fileID: 0}
  m_PrefabInternal: {fileID: 100100000}
  m_GameObject: {fileID: 1173932971214120}
  m_LocalRotation: {x: 0.000000052154064, y: 0.7071067, z: -0.000000048428774, w: 0.7071069}
  m_LocalPosition: {x: 0, y: 0.28046548, z: 0}
  m_LocalScale: {x: 1, y: 1, z: 1}
  m_Children: []
  m_Father: {fileID: 4460637038437784}
  m_RootOrder: 0
  m_LocalEulerAnglesHint: {x: 0, y: 0, z: 0}
--- !u!4 &4790261145767370
Transform:
  m_ObjectHideFlags: 1
  m_PrefabParentObject: {fileID: 0}
  m_PrefabInternal: {fileID: 100100000}
  m_GameObject: {fileID: 1947200507669048}
  m_LocalRotation: {x: -0.00039743353, y: -0.017497381, z: 0.0038441096, w: 0.9998395}
  m_LocalPosition: {x: -0.6106249, y: -0.000000095367426, z: 0.000000114440915}
  m_LocalScale: {x: 1, y: 1, z: 1}
  m_Children: []
  m_Father: {fileID: 4667576868928878}
  m_RootOrder: 0
  m_LocalEulerAnglesHint: {x: 0, y: 0, z: 0}
--- !u!4 &4791420080254586
Transform:
  m_ObjectHideFlags: 1
  m_PrefabParentObject: {fileID: 0}
  m_PrefabInternal: {fileID: 100100000}
  m_GameObject: {fileID: 1751916712568532}
  m_LocalRotation: {x: 0.001165139, y: -0.0033009613, z: 0.7802339, w: 0.625478}
  m_LocalPosition: {x: -0.6202718, y: 0.002165451, z: 0.000006523132}
  m_LocalScale: {x: 0.99999934, y: 0.99999976, z: 0.9999994}
  m_Children:
  - {fileID: 4158235804126256}
  m_Father: {fileID: 4404772362464148}
  m_RootOrder: 3
  m_LocalEulerAnglesHint: {x: 0, y: 0, z: 0}
--- !u!4 &4805892851558832
Transform:
  m_ObjectHideFlags: 1
  m_PrefabParentObject: {fileID: 0}
  m_PrefabInternal: {fileID: 100100000}
  m_GameObject: {fileID: 1982629671627910}
  m_LocalRotation: {x: -0.015692826, y: -0.040994436, z: 0.09446311, w: 0.9945602}
  m_LocalPosition: {x: -0.14027195, y: -0.0000000667572, z: 0}
  m_LocalScale: {x: 1.0000001, y: 1.0000001, z: 1}
  m_Children: []
  m_Father: {fileID: 4236331244863398}
  m_RootOrder: 0
  m_LocalEulerAnglesHint: {x: 0, y: 0, z: 0}
--- !u!4 &4827648162408724
Transform:
  m_ObjectHideFlags: 1
  m_PrefabParentObject: {fileID: 0}
  m_PrefabInternal: {fileID: 100100000}
  m_GameObject: {fileID: 1431599721067308}
  m_LocalRotation: {x: -0.3724944, y: -0.035995837, z: 0.5303458, w: 0.76071393}
  m_LocalPosition: {x: -0.30224457, y: -0.000000047683713, z: 0.000000019073486}
  m_LocalScale: {x: 0.99999976, y: 0.99999976, z: 1}
  m_Children:
  - {fileID: 4076611305650560}
  m_Father: {fileID: 4641640019797052}
  m_RootOrder: 0
  m_LocalEulerAnglesHint: {x: 0, y: 0, z: 0}
--- !u!4 &4857819255713296
Transform:
  m_ObjectHideFlags: 1
  m_PrefabParentObject: {fileID: 0}
  m_PrefabInternal: {fileID: 100100000}
  m_GameObject: {fileID: 1084248696168354}
  m_LocalRotation: {x: -0.000000001935068, y: -0.000000015001223, z: -0.12793334,
    w: 0.9917828}
  m_LocalPosition: {x: -0.13622062, y: 0.00000015258789, z: -2.0236257e-13}
  m_LocalScale: {x: 1, y: 1, z: 1}
  m_Children:
  - {fileID: 4939232850990808}
  m_Father: {fileID: 4580354752958500}
  m_RootOrder: 0
  m_LocalEulerAnglesHint: {x: 0, y: 0, z: 0}
--- !u!4 &4863690667275236
Transform:
  m_ObjectHideFlags: 1
  m_PrefabParentObject: {fileID: 0}
  m_PrefabInternal: {fileID: 100100000}
  m_GameObject: {fileID: 1406685482265460}
  m_LocalRotation: {x: 0.0000005194949, y: 0.0000022899642, z: -0.59824234, w: 0.80131525}
  m_LocalPosition: {x: -0.17218514, y: 0.000000076293944, z: 0}
  m_LocalScale: {x: 0.99999976, y: 0.99999976, z: 1}
  m_Children:
  - {fileID: 4162527046813180}
  m_Father: {fileID: 4700106730134928}
  m_RootOrder: 0
  m_LocalEulerAnglesHint: {x: 0, y: 0, z: 0}
--- !u!4 &4877068907574166
Transform:
  m_ObjectHideFlags: 1
  m_PrefabParentObject: {fileID: 0}
  m_PrefabInternal: {fileID: 100100000}
  m_GameObject: {fileID: 1494376657718428}
  m_LocalRotation: {x: -0.008039807, y: -0.006151613, z: 0.43076518, w: 0.9024073}
  m_LocalPosition: {x: -0.653283, y: 0.0004529953, z: -0.00024009704}
  m_LocalScale: {x: 1.0000002, y: 0.9999998, z: 0.99999976}
  m_Children:
  - {fileID: 4923602962508380}
  m_Father: {fileID: 4404772362464148}
  m_RootOrder: 1
  m_LocalEulerAnglesHint: {x: 0, y: 0, z: 0}
--- !u!4 &4878623857778342
Transform:
  m_ObjectHideFlags: 1
  m_PrefabParentObject: {fileID: 0}
  m_PrefabInternal: {fileID: 100100000}
  m_GameObject: {fileID: 1193639123883210}
  m_LocalRotation: {x: -0.011194527, y: -0.4561443, z: -0.25563726, w: 0.85232425}
  m_LocalPosition: {x: -0.1504417, y: 0.00000034332274, z: 0.000000076293944}
  m_LocalScale: {x: 1.0000001, y: 1.0000001, z: 1}
  m_Children:
  - {fileID: 4641640019797052}
  m_Father: {fileID: 4182364817116346}
  m_RootOrder: 0
  m_LocalEulerAnglesHint: {x: 0, y: 0, z: 0}
--- !u!4 &4880765933687940
Transform:
  m_ObjectHideFlags: 1
  m_PrefabParentObject: {fileID: 0}
  m_PrefabInternal: {fileID: 100100000}
  m_GameObject: {fileID: 1524409528360578}
  m_LocalRotation: {x: -0.010475039, y: 0.08924154, z: 0.23289758, w: 0.96834135}
  m_LocalPosition: {x: -0.10523641, y: -0.00000019073485, z: 0.000000038146972}
  m_LocalScale: {x: 0.9999998, y: 1.0000001, z: 0.99999994}
  m_Children:
  - {fileID: 4404772362464148}
  m_Father: {fileID: 4301064155502144}
  m_RootOrder: 0
  m_LocalEulerAnglesHint: {x: 0, y: 0, z: 0}
--- !u!4 &4888013066303132
Transform:
  m_ObjectHideFlags: 1
  m_PrefabParentObject: {fileID: 0}
  m_PrefabInternal: {fileID: 100100000}
  m_GameObject: {fileID: 1402222808802360}
  m_LocalRotation: {x: -0.015692823, y: -0.04099444, z: 0.09446315, w: 0.9945602}
  m_LocalPosition: {x: -0.1402718, y: -0.000000057220458, z: 0.000000076293944}
  m_LocalScale: {x: 1.0000001, y: 1.0000001, z: 1}
  m_Children: []
  m_Father: {fileID: 4574304075575584}
  m_RootOrder: 0
  m_LocalEulerAnglesHint: {x: 0, y: 0, z: 0}
--- !u!4 &4923602962508380
Transform:
  m_ObjectHideFlags: 1
  m_PrefabParentObject: {fileID: 0}
  m_PrefabInternal: {fileID: 100100000}
  m_GameObject: {fileID: 1099913909153778}
  m_LocalRotation: {x: 0.00030010566, y: 0.02403312, z: 0.24390185, w: 0.96950203}
  m_LocalPosition: {x: -0.76851493, y: 0.000000038146972, z: 0.00000019073485}
  m_LocalScale: {x: 1.0000001, y: 0.99999994, z: 1.0000001}
  m_Children:
  - {fileID: 4427633994699234}
  m_Father: {fileID: 4877068907574166}
  m_RootOrder: 0
  m_LocalEulerAnglesHint: {x: 0, y: 0, z: 0}
--- !u!4 &4924550406069478
Transform:
  m_ObjectHideFlags: 1
  m_PrefabParentObject: {fileID: 0}
  m_PrefabInternal: {fileID: 100100000}
  m_GameObject: {fileID: 1778545440951410}
  m_LocalRotation: {x: -0.00067820144, y: 0.021536784, z: 0.047465246, w: 0.9986405}
  m_LocalPosition: {x: -0.47588348, y: 0.000000038146972, z: 0.000000038146972}
  m_LocalScale: {x: 1.0000002, y: 1.0000005, z: 1}
  m_Children:
  - {fileID: 4458758090046048}
  m_Father: {fileID: 4371242821652420}
  m_RootOrder: 0
  m_LocalEulerAnglesHint: {x: 0, y: 0, z: 0}
--- !u!4 &4939232850990808
Transform:
  m_ObjectHideFlags: 1
  m_PrefabParentObject: {fileID: 0}
  m_PrefabInternal: {fileID: 100100000}
  m_GameObject: {fileID: 1348134989903998}
  m_LocalRotation: {x: -0.0000014572742, y: -0.00000016503328, z: -0.1092818, w: 0.9940108}
  m_LocalPosition: {x: -0.13111298, y: 0, z: 7.68523e-13}
  m_LocalScale: {x: 1.0000006, y: 1.0000006, z: 1}
  m_Children:
  - {fileID: 4641541314741362}
  - {fileID: 4301064155502144}
  - {fileID: 4517212501665372}
  m_Father: {fileID: 4857819255713296}
  m_RootOrder: 0
  m_LocalEulerAnglesHint: {x: 0, y: 0, z: 0}
--- !u!4 &4942821280387442
Transform:
  m_ObjectHideFlags: 1
  m_PrefabParentObject: {fileID: 0}
  m_PrefabInternal: {fileID: 100100000}
  m_GameObject: {fileID: 1259479790568994}
  m_LocalRotation: {x: -0.01600338, y: 0.44519815, z: -0.24414931, w: 0.86135566}
  m_LocalPosition: {x: -0.15355937, y: 0.00000045776366, z: 0.000000076293944}
  m_LocalScale: {x: 1.0000001, y: 1.0000001, z: 1}
  m_Children:
  - {fileID: 4207017460547984}
  m_Father: {fileID: 4190157440745324}
  m_RootOrder: 0
  m_LocalEulerAnglesHint: {x: 0, y: 0, z: 0}
--- !u!4 &4948620423671318
Transform:
  m_ObjectHideFlags: 1
  m_PrefabParentObject: {fileID: 0}
  m_PrefabInternal: {fileID: 100100000}
  m_GameObject: {fileID: 1406605833042830}
  m_LocalRotation: {x: 0.00044038193, y: 0.02421141, z: 0.24418171, w: 0.9694271}
  m_LocalPosition: {x: -0.7685149, y: 0.000000019073486, z: 0.00000015258789}
  m_LocalScale: {x: 1.0000001, y: 0.99999994, z: 1.0000001}
  m_Children:
  - {fileID: 4728326313264988}
  m_Father: {fileID: 4402784036362768}
  m_RootOrder: 0
  m_LocalEulerAnglesHint: {x: 0, y: 0, z: 0}
--- !u!4 &4986898624495286
Transform:
  m_ObjectHideFlags: 1
  m_PrefabParentObject: {fileID: 0}
  m_PrefabInternal: {fileID: 100100000}
  m_GameObject: {fileID: 1875275969396770}
  m_LocalRotation: {x: -0.26200446, y: 0.49507105, z: 0.44703093, w: 0.6974394}
  m_LocalPosition: {x: -0.17218517, y: 0.000000038146972, z: -0.0026903057}
  m_LocalScale: {x: -0.99999905, y: -0.9999992, z: -0.99999946}
  m_Children:
  - {fileID: 4462729747687664}
  m_Father: {fileID: 4700106730134928}
  m_RootOrder: 2
  m_LocalEulerAnglesHint: {x: 0, y: 0, z: 0}
--- !u!4 &4990100266111084
Transform:
  m_ObjectHideFlags: 1
  m_PrefabParentObject: {fileID: 0}
  m_PrefabInternal: {fileID: 100100000}
  m_GameObject: {fileID: 1178702391594520}
  m_LocalRotation: {x: -0.044270806, y: -0.51419365, z: -0.026589595, w: 0.85611796}
  m_LocalPosition: {x: 26.21, y: -0.53, z: -55.39}
  m_LocalScale: {x: 2, y: 2, z: 2}
  m_Children:
  - {fileID: 4460637038437784}
  m_Father: {fileID: 0}
  m_RootOrder: 0
  m_LocalEulerAnglesHint: {x: -5.92, y: -61.979004, z: 0}
--- !u!65 &65264778129700700
BoxCollider:
  m_ObjectHideFlags: 1
  m_PrefabParentObject: {fileID: 0}
  m_PrefabInternal: {fileID: 100100000}
  m_GameObject: {fileID: 1233391155909986}
  m_Material: {fileID: 0}
  m_IsTrigger: 0
  m_Enabled: 1
  serializedVersion: 2
  m_Size: {x: 1.2745074, y: 1.0000001, z: 0.29442492}
  m_Center: {x: -0.45985463, y: 0.22934563, z: -0.0038483408}
--- !u!65 &65948659737169658
BoxCollider:
  m_ObjectHideFlags: 1
  m_PrefabParentObject: {fileID: 0}
  m_PrefabInternal: {fileID: 100100000}
  m_GameObject: {fileID: 1173932971214120}
  m_Material: {fileID: 0}
  m_IsTrigger: 0
  m_Enabled: 1
  serializedVersion: 2
  m_Size: {x: 1.0000001, y: 1.0000001, z: 3.0583363}
  m_Center: {x: -0.35304955, y: 0.37713838, z: -0.02193326}
--- !u!95 &95957049167139508
Animator:
  serializedVersion: 3
  m_ObjectHideFlags: 1
  m_PrefabParentObject: {fileID: 0}
  m_PrefabInternal: {fileID: 100100000}
  m_GameObject: {fileID: 1178702391594520}
  m_Enabled: 1
  m_Avatar: {fileID: 9000000, guid: a47e003f3f1b3824c895da8cae4de76c, type: 3}
  m_Controller: {fileID: 9100000, guid: 2c85d8ac890844240957f88f0f8816ad, type: 2}
  m_CullingMode: 0
  m_UpdateMode: 0
  m_ApplyRootMotion: 0
  m_LinearVelocityBlending: 0
  m_WarningMessage: 
  m_HasTransformHierarchy: 1
  m_AllowConstantClipSamplingOptimization: 1
--- !u!114 &114046366885218778
MonoBehaviour:
  m_ObjectHideFlags: 1
  m_PrefabParentObject: {fileID: 0}
  m_PrefabInternal: {fileID: 100100000}
  m_GameObject: {fileID: 1178702391594520}
  m_Enabled: 1
  m_EditorHideFlags: 0
  m_Script: {fileID: 11500000, guid: ead6fb203c5432f45a8530ca42a857ed, type: 3}
  m_Name: 
  m_EditorClassIdentifier: 
  m_RigType: 1
  _isFlyingType: 1
  m_Animstate: 2
  m_ZombieBehavior: 0
  mb_RespondinStart: 0
  m_Animator: {fileID: 0}
  m_Agent: {fileID: 0}
  mf_WalkSpeed: 0.8
  mf_RunSpeed: 2
  mg_Player: {fileID: 0}
  _rigid: []
  mb_JumpBehave: 0
  mb_CrawlBehave: 0
  mt_JumpPos: {fileID: 0}
  _fJumpDelay: 0
  mf_MaxHealth: 100
  mf_Currenthealth: 0
  mesh_Zombie:
  - {fileID: 137451206642982370}
--- !u!114 &114067275979915792
MonoBehaviour:
  m_ObjectHideFlags: 1
  m_PrefabParentObject: {fileID: 0}
  m_PrefabInternal: {fileID: 100100000}
  m_GameObject: {fileID: 1178702391594520}
  m_Enabled: 1
  m_EditorHideFlags: 0
  m_Script: {fileID: 11500000, guid: 4a2d9078dbe17bc4f966c9d2310be047, type: 3}
  m_Name: 
  m_EditorClassIdentifier: 
  pathContainer: {fileID: 0}
  onStart: 1
  moveToPath: 0
  reverse: 0
  startPoint: 0
  currentPoint: 0
  closeLoop: 0
  local: 0
  lookAhead: 0
  sizeToAdd: 0
  timeValue: 0
  speed: 25
  animEaseType:
    serializedVersion: 2
    m_Curve: []
    m_PreInfinity: 2
    m_PostInfinity: 2
    m_RotationOrder: 4
  loopType: 0
  waypoints: []
  events: []
  pathType: 1
  pathMode: 1
  easeType: 1
  lockPosition: 0
  lockRotation: 0
--- !u!137 &137451206642982370
SkinnedMeshRenderer:
  m_ObjectHideFlags: 1
  m_PrefabParentObject: {fileID: 0}
  m_PrefabInternal: {fileID: 100100000}
  m_GameObject: {fileID: 1233391155909986}
  m_Enabled: 1
  m_CastShadows: 1
  m_ReceiveShadows: 1
  m_DynamicOccludee: 1
  m_MotionVectors: 1
  m_LightProbeUsage: 1
  m_ReflectionProbeUsage: 1
  m_Materials:
  - {fileID: 2100000, guid: ae01c1e3c2645664b83a622218b57b70, type: 2}
  m_StaticBatchInfo:
    firstSubMesh: 0
    subMeshCount: 0
  m_StaticBatchRoot: {fileID: 0}
  m_ProbeAnchor: {fileID: 0}
  m_LightProbeVolumeOverride: {fileID: 0}
  m_ScaleInLightmap: 1
  m_PreserveUVs: 0
  m_IgnoreNormalsForChartDetection: 0
  m_ImportantGI: 0
  m_StitchLightmapSeams: 0
  m_SelectedEditorRenderState: 3
  m_MinimumChartSize: 4
  m_AutoUVMaxDistance: 0.5
  m_AutoUVMaxAngle: 89
  m_LightmapParameters: {fileID: 0}
  m_SortingLayerID: 0
  m_SortingLayer: 0
  m_SortingOrder: 0
  serializedVersion: 2
  m_Quality: 0
  m_UpdateWhenOffscreen: 0
  m_SkinnedMotionVectors: 1
  m_Mesh: {fileID: 4300000, guid: a47e003f3f1b3824c895da8cae4de76c, type: 3}
  m_Bones:
  - {fileID: 4672082551494182}
  - {fileID: 4162527046813180}
  - {fileID: 4457438020875002}
  - {fileID: 4700106730134928}
  - {fileID: 4588462605114690}
  - {fileID: 4462729747687664}
  - {fileID: 4863690667275236}
  - {fileID: 4641541314741362}
  - {fileID: 4206039607635218}
  - {fileID: 4479341915715598}
  - {fileID: 4939232850990808}
  - {fileID: 4857819255713296}
  - {fileID: 4301064155502144}
  - {fileID: 4201837413062100}
  - {fileID: 4880765933687940}
  - {fileID: 4580354752958500}
  - {fileID: 4878623857778342}
  - {fileID: 4308077740449460}
  - {fileID: 4942821280387442}
  - {fileID: 4182364817116346}
  - {fileID: 4641251388567046}
  - {fileID: 4229388392505362}
  - {fileID: 4164075124303822}
  - {fileID: 4062917780282208}
  - {fileID: 4658059880232064}
  - {fileID: 4190157440745324}
  - {fileID: 4641640019797052}
  - {fileID: 4827648162408724}
  - {fileID: 4076611305650560}
  - {fileID: 4455875315910052}
  - {fileID: 4404772362464148}
  - {fileID: 4335866709663684}
  - {fileID: 4791420080254586}
  - {fileID: 4218933267235264}
  - {fileID: 4877068907574166}
  - {fileID: 4057015723787812}
  - {fileID: 4190564331723308}
  - {fileID: 4589763482063796}
  - {fileID: 4158235804126256}
  - {fileID: 4366000309050020}
  - {fileID: 4667576868928878}
  - {fileID: 4923602962508380}
  - {fileID: 4790261145767370}
  - {fileID: 4427633994699234}
  - {fileID: 4236331244863398}
  - {fileID: 4805892851558832}
  - {fileID: 4986898624495286}
  - {fileID: 4517212501665372}
  - {fileID: 4249444943809700}
  - {fileID: 4626940731439178}
  - {fileID: 4207017460547984}
  - {fileID: 4614081217833502}
  - {fileID: 4024024966463254}
  - {fileID: 4022529184149874}
  - {fileID: 4157112017410140}
  - {fileID: 4371242821652420}
  - {fileID: 4634628623370502}
  - {fileID: 4692827195055400}
  - {fileID: 4402784036362768}
  - {fileID: 4169362814899594}
  - {fileID: 4924550406069478}
  - {fileID: 4458758090046048}
  - {fileID: 4451048826434150}
  - {fileID: 4468692272376520}
  - {fileID: 4055446325963824}
  - {fileID: 4948620423671318}
  - {fileID: 4702651190980004}
  - {fileID: 4728326313264988}
  - {fileID: 4574304075575584}
  - {fileID: 4888013066303132}
  m_BlendShapeWeights: []
  m_RootBone: {fileID: 4580354752958500}
  m_AABB:
    m_Center: {x: -0.56030494, y: 0.50546134, z: 0.056203485}
    m_Extent: {x: 1.5497773, y: 1.6339864, z: 2.1498294}
  m_DirtyAABB: 0
--- !u!137 &137905906881597894
SkinnedMeshRenderer:
  m_ObjectHideFlags: 1
  m_PrefabParentObject: {fileID: 0}
  m_PrefabInternal: {fileID: 100100000}
  m_GameObject: {fileID: 1173932971214120}
  m_Enabled: 1
  m_CastShadows: 1
  m_ReceiveShadows: 1
  m_DynamicOccludee: 1
  m_MotionVectors: 1
  m_LightProbeUsage: 1
  m_ReflectionProbeUsage: 1
  m_Materials:
  - {fileID: 2100000, guid: e980e432faa1ad04a9d9ebfcbe71ccd4, type: 2}
  m_StaticBatchInfo:
    firstSubMesh: 0
    subMeshCount: 0
  m_StaticBatchRoot: {fileID: 0}
  m_ProbeAnchor: {fileID: 0}
  m_LightProbeVolumeOverride: {fileID: 0}
  m_ScaleInLightmap: 1
  m_PreserveUVs: 0
  m_IgnoreNormalsForChartDetection: 0
  m_ImportantGI: 0
  m_StitchLightmapSeams: 0
  m_SelectedEditorRenderState: 3
  m_MinimumChartSize: 4
  m_AutoUVMaxDistance: 0.5
  m_AutoUVMaxAngle: 89
  m_LightmapParameters: {fileID: 0}
  m_SortingLayerID: 0
  m_SortingLayer: 0
  m_SortingOrder: 0
  serializedVersion: 2
  m_Quality: 0
  m_UpdateWhenOffscreen: 0
  m_SkinnedMotionVectors: 1
  m_Mesh: {fileID: 4300002, guid: a47e003f3f1b3824c895da8cae4de76c, type: 3}
  m_Bones:
  - {fileID: 4190564331723308}
  - {fileID: 4335866709663684}
  - {fileID: 4404772362464148}
  - {fileID: 4791420080254586}
  - {fileID: 4057015723787812}
  - {fileID: 4218933267235264}
  - {fileID: 4877068907574166}
  - {fileID: 4158235804126256}
  - {fileID: 4667576868928878}
  - {fileID: 4923602962508380}
  - {fileID: 4880765933687940}
  - {fileID: 4301064155502144}
  - {fileID: 4371242821652420}
  - {fileID: 4924550406069478}
  - {fileID: 4157112017410140}
  - {fileID: 4169362814899594}
  - {fileID: 4634628623370502}
  - {fileID: 4692827195055400}
  - {fileID: 4402784036362768}
  - {fileID: 4451048826434150}
  - {fileID: 4055446325963824}
  - {fileID: 4948620423671318}
  - {fileID: 4626940731439178}
  - {fileID: 4517212501665372}
  m_BlendShapeWeights: []
  m_RootBone: {fileID: 4517212501665372}
  m_AABB:
    m_Center: {x: -0.031439304, y: 0.09115577, z: 0.12850952}
    m_Extent: {x: 1.9705205, y: 1.7692635, z: 1.4799311}
  m_DirtyAABB: 0
